4625 5804
2240 556 2325 654 ⁴(
2421 555 2661 651 24>

1048 790 1289 855 sacros
1322 756 1546 840 libros
1581 756 1985 849 Hebraice,
2024 755 2363 843 Graece,
2393 775 2488 828 -et
2533 753 2789 828 Latine
2825 746 3132 824 edendos
3161 741 3635 835 decrevisset,
3688 739 3875 818 mul-⁴

1068 901 1124 970 ti
1177 898 1313 968 viri
1393 892 1591 969 docti
1652 886 2026 982 Compluti
2107 891 2178 959 in
2241 887 2582 979 Hispania
2657 880 3067 976 congregati
3126 896 3249 969 per
3316 892 3400 964 15
3461 869 3606 943 fere
3662 887 3880 941 annos

1064 1021 1271 1119 hanc
1297 1019 1709 1131 Editionem
1775 1016 2085 1103 Ximenii
2146 1016 2482 1108 auspiciis
2563 1010 3128 1083 elaboraverunt.
3260 997 3534 1073 Eodem
3597 998 3879 1066 circiter

1072 1167 1386 1251 tempore
1465 1167 1837 1239 utrumque
1919 1144 2212 1219 Sacrum
2288 1140 2641 1217 Codicem
2711 1135 2987 1211 Graece
3059 1130 3377 1204 Venetiis
3427 1123 3647 1196 edidit
3707 1116 3878 1199 Ald.

1068 1270 1486 1363 Manutius,
1541 1277 1753 1368 opera
1799 1295 1964 1346 usus
2009 1270 2236 1345 Andr.
2289 1268 2618 1342 Asulani.
2716 1262 2999 1335 Tertiae
3060 1253 3396 1353 parandae
3454 1267 3707 1321 auctor
3744 1242 3885 1321 fuit

1069 1399 1314 1475 Sixtus
1375 1403 1443 1475 V
1504 1398 1891 1495 Pontifex,
1961 1396 2197 1488 unde,
2258 1397 2431 1469 Ant.
2497 1389 2801 1479 Carasa,
2871 1381 3242 1469 Cardinale
3267 1429 3305 1465 ,
3374 1398 3504 1469 per
3565 1378 3606 1448 8
3663 1392 3883 1447 annos
4001 1358 4011 1368 ’

1070 1527 1424 1602 editorum
1479 1528 1707 1601 studia
1764 1525 2216 1609 moderante,
2270 1523 2521 1594 Editio
2564 1517 2834 1588 Romae
2881 1511 3149 1605 prodiit
3196 1508 3346 1581 Ao.
3410 1504 3624 1596 1587.
3725 1499 3888 1571 Sin-

1070 1657 1396 1752 gularum
1460 1652 1793 1725 Editores
1848 1656 2172 1725 universe
2226 1646 2525 1736 professi
2589 1661 2795 1717 sunt,
2864 1655 2978 1700 eas
3017 1654 3057 1698 e
3099 1630 3419 1717 plur1m1s
3472 1641 3546 1693 et
3602 1624 3891 1713 optuma

1068 1783 1470 1851 Codicibus
1528 1772 2038 1855 Manuscriptis
2121 1765 2367 1833 ductas
2424 1778 2570 1827 esse
2627 1755 2710 1839 (¹⁸¹
2740 1760 2810 1839 >t
2885 1750 3274 1823 Romanam
3337 1747 3618 1840 quidem
3672 1752 3892 1819 maxi·-

1075 1917 1187 1970 me
1244 1918 1283 1966 e
1324 1894 1800 1965 vetustissimo
1858 1890 2232 1964 Vaticano.
2281 1880 3099 1972 -,-.Ex‚.C0mp1utens1
3160 1874 3509 1947 Aldinave
3569 1878 3894 1967 repetitis

1077 2021 1543 2099 Editionibus
1606 2016 1870 2110 aliquid
1940 2021 2166 2091 variae
2201 2015 2536 2089 lectionis
2575 2010 2927 2104 adjectum
2969 2023 3074 2075 est
3106 2004 3339 2088 hisce,
3397 2002 3897 2096 Argentinensi

1077 2148 1199 2246 J0.
1254 2148 1595 2221 Loniceri
1640 2149 1786 2219 Ao.
1850 2143 2518 2240 1526‚-Basileensi
2584 2155 2818 2231 1545,
2890 2131 3390 2221 Antverpiensi
3445 2125 3901 2224 Polyglotto·

1077 2298 1231 2350 rum
1282 2275 1519 2370 1569,
1574 2272 2154 2347 Francofurtensi
2209 2254 2425 2364 1597.
2530 2263 2923 2361 Singularis
2982 2256 3197 2341 libri,
3262 2254 3567 2347 jesaiae,
3634 2275 3900 2326 novum

1084 2423 1355 2476 textum
1402 2400 1617 2495 paulo
1667 2419 1826 2491 ante
1874 2399 2165 2471 Parisiis
2212 2393 2432 2475 edidit
2469 2391 2598 2485 J0.,
2640 2386 3096 2472 Curterius„e
3140 2381 3468 2471 Codice,
3518 2400 3726 2471 quem
3763 2401 3902 2453 no·

1085 2550 1157 2604 ta
1220 2527 1524 2623 praefixa
1586 2528 1849 2599 indicat
1911 2545 2059 2592 esse
2122 2519 2584 2606 Hexaplarem
2659 2514 2758 2602 (o
2725 2509 2870 2603 o):
2944 2528 3017 2577 et
3076 2530 3169 2576 ex
3230 2528 3376 2597 quo
3449 2528 3696 2601 postea
3751 2508 3897 2581 Ao.

1085 2658 1224 2745 163
1230 2658 1274 2723 6
1340 2654 1440 2719 lV
1502 2648 1789 2717 Hoseae
1847 2644 2119 2733 Capita
2182 2636 2445 2709 ibidem
2526 2628 2748 2705 edidit
2824 2630 2942 2723 J0.
3016 2629 3524 2720 PhilippaeuS,
3605 2634 3897 2724 Jesuita.

1096 2780 1426 2850 Exeunte
1488 2770 1792 2844 Saeculo
1857 2766 2022 2839 item
2083 2761 2583 2856 conquirendis
2635 2757 2934 2849 Aquilae
2994 2774 3065 2825 et
3123 2744 3517 2828 ceterorum
3557 2755 3908 2850 Interpre-

1101 2927 1247 2977 tum
1306 2900 1744 2973 Graecorum
1807 2894 2213 2989 fragmentis
2278 2910 2564 2979 operam
2624 2886 2794 2958 huic
2855 2884 3064 2953 etiam
3104 2883 3429 2955 Versioni
3472 2884 3907 2958 utilissimam

1102 3044 1444 3103 navarunt
1517 3025 1651 3106 viri
1722 3020 1919 3091 docti
1952 3069 1976 3105 ‚
2013 3037 2043 3055 -’
2064 3015 2314 3094 Petrus
2375 3013 2708 3096 Mor-inus
2765 3008 3289 3098 Flaminiusque
3351 3007 3694 3085 Nobilius
3750 3009 3909 3085 Ro.

1105 3179 1309 3249 mae,
1358 3173 1433 3225 et
1486 3154 1814 3246 princeps
1855 3145 1971 3240 Jo.
2024 3144 2378 3227 Drusius‚
2433 3140 2667 3236 Belga.
2770 3139 2919 3209 Ao.
2969 3155 3198 3207 autem
3264 3156 3451 3233 1574
3506 3107 3635 3230 Ρέι·
3677 3138 3902 3213 Andr.

1102 3284 1413 3366 Masium
1498 3282 1934 3349 innotescere
2016 3274 2260 3365 coepit
2329 3266 2794 3340 Recensionis
2869 3261 3282 3352 Hexaplaris
3353 3264 3607 3334 Versio
3671 3264 3910 3354 Syria.

1098 3437 1363 3488 ca.·--
1413 3405 1659 3492 Atque
1722 3402 1893 3473 haec
1942 3387 2199 3485 erant.x
2238 3394 2619 3468 induabus
2655 3389 2997 3480 publice,
3048 3391 3180 3458 una
3217 3391 3591 3480 privatim,
3643 3411 3910 3478 procu.

1105 3543 1275 3609 ratis
1338 3533 1670 3628 perbonis
1725 3528 2232 3612 Editionibu8‚
2287 3517 2702 3594 recentioris
2755 3515 3005 3582 horum
3056 3511 3399 3580 librorum
3443 3511 3732 3588 Criseos
3770 3518 3908 3590 ini·

1108 3668 1250 3754 tia,
1300 3661 1586 3736 rudiora
1627 3658 1910 3749 quidem
1967 3678 2050 3724 ac
2114 3647 2479 3726 tenuiora,
2530 3637 2982 3722 attamemsi
3034 3655 3192 3706 cum
3238 3639 3488 3727 primis
3519 3643 3905 3720 multorum

1105 3792 1441 3868 Veterum
1496 3789 1900 3858 Auctorum
1959 3768 2421 3843 Editionibus
2490 3780 3022 3853 comparentur,
3074 3768 3356 3859 egregia
3413 3783 3484 3834 et
3531 3770 3914 3856 auspicata.-

1107 3915 1252 3996 Sed
1307 3918 1381 3984 in
1440 3907 1732 3997 reliquis
1781 3900 2195 3975 auctoribus
2255 3892 2663 3988 ampliorem
2720 3909 3042 3979 campum
3089 3906 3289 3957 nacta
3331 3885 3600 3959 Critica
3649 3892 3720 3964 in
3758 3892 3910 3966 dies‘

1117 4044 1371 4139 maiora
1430 4033 1660 4113 multo
1716 4024 2409 4120 incrementacepit:
2487 4023 2558 4096 iu
2615 4016 2727 4094 his
2776 4011 2976 4087 libris
3019 4011 3407 4106 jam,paulo
3450 4014 3707 4090 tardius
3741 4039 3906 4111 pro·

3765 4167 3913 4223 ces·

1254 4364 1296 4408 R

1116 4362 1354 4556 {03
1390 4360 1559 4531 ἓξὲξ
1592 4364 1786 4529 {uzu³
1783 4463 2088 4549 Procopii
2138 4459 2379 4533 Gazaei
2419 4453 2893 4529 Commentario
2928 4452 2993 4519 in
3025 4446 3341 4536 Jesaiam‚
3387 4449 3518 4516 Ao.
3563 4452 3747 4540 1580.
3796 4446 3912 4517 Cf.

1116 4575 1378 4650 Hodius
1424 4591 1497 4658 p.
1536 4582 1659 4653 597
1726 4585 1835 4651 sq.
