4625 5804
1959 567 2010 663 (
2107 590 2195 642 2¹
2292 563 2352 663 )

776 767 1101 843 Proxime
1142 764 1599 856 subsequenti
1636 781 1864 837 aetate
1899 765 2123 837 simile
2162 765 2468 838 studium
2507 762 2667 835 fuit
2723 767 2795 837 in
2850 785 3036 839 nova
3090 765 3369 841 Veteris
3412 768 3576 842 No·

768 895 985 983 ,vique
1007 895 1187 965 sacri
1224 891 1519 969 Codicis
1551 891 1813 966 Graeci
1854 897 2262 966 recensione
2296 891 2592 986 paranda
2636 912 2708 963 et
2746 891 3050 965 Luciani
3084 894 3563 983 Antiochum,
3623 876 3626 879 ¹

765 1035 841 1099 et
894 1018 1234 1109 Hesychii
1289 1020 1768 1095 Alexandrini.
1822 1084 1827 1093 .
1892 1019 1973 1093 In
2044 1022 2255 1094 simili
2325 1029 2565 1095 caussa
2623 1024 2880 1093 versari
2966 1022 3401 1114 perobscura
3467 1041 3574 1092 est

760 1150 1099 1229 memoria
1146 1148 1318 1240 (ν)
1356 1148 1655 1242 ‘Joannis
1710 1149 2066 1241 cujusdam
2122 1148 2438 1244 Josepbi.
2513 1208 2522 1213 .
2565 1152 2665 1222 At
2725 1151 2977 1221 horum
3031 1151 3270 1240 operis
3330 1148 3506 1220 nihil
3541 1196 3567 1234 ‚

761 1267 1173 1367 Origeniani
1224 1297 1465 1366 parum
1517 1279 1606 1350 ad
1643 1296 1773 1351 nos
1813 1280 2159 1369 pervenit.
2262 1276 2362 1349 Et
2397 1300 2644 1371 parum
2682 1278 2966 1361 aberat,
3019 1275 3566 1370 quin-origenis

763 1418 1053 1491 quoque
1111 1420 1338 1479 totum
1364 1405 1574 1483 ‚illud
1652 1408 2069 1487 aeternitate,
2129 1402 2422 1500 dignum
2491 1427 2674 1498 opus
2736 1378 3131 1495 temporum
3187 1403 3448 1497 injurii
3497 1421 3571 1473 et

756 1525 1118 1612 hominum
1176 1531 1498 1609 socordia
1543 1534 1821 1620 penitus
1878 1531 2391 1615 intercidisset,
2442 1535 2576 1601 nisi
2612 1536 2901 1601 ineunte
2960 1529 3172 1601 Sacc,
3199 1529 3306 1598 IV
3358 1547 3559 1622 egre·

748 1652 948 1746 gium
1017 1654 1403 1722 amicorum
1456 1670 1604 1737 ‚par
1660 1652 2081 1735 Pamphilus
2137 1674 2212 1720 et
2275 1654 2630 1722 Eusebius
2705 1674 2943 1725 unam·
2989 1672 3185 1725 certe
3253 1672 3565 1745 partem,

754 1775 1180 1849 emendatam
1258 1774 1673 1847 Versionem
1750 1768 2340 1856 Alexandrinam,
2408 1771 2486 1841 in
2559 1771 2795 1842 lucem
2860 1781 3408 1860 protraxissent,
3479 1799 3564 1850 ac
3657 1826 3664 1837 .

759 1902 1096 1995 deinceps
1164 1898 1689 1974 describendam
1763 1900 2347 1989 proposuissent,
2418 1910 2746 1969 annotata
2806 1896 3103 1970 subinde
3167 1906 3563 1975 ceterarum

752 2024 1175 2111 versionum
1217 2027 1636 2101 diversitate.
1737 2025 1977 2114 Atque
2023 2025 2188 2096 hinc
2229 2024 2488 2097 veteris
2530 2021 2898 2097 Ecclesiae
2941 2022 3307 2099 Doctores
3349 2027 3565 2129 hujus
3655 2000 3658 2005 ⁵

750 2152 1679 2248 interpretumdiversitatis
1718 2154 1969 2243 passim
2015 2153 2355 2224 rationem
2395 2151 2814 2223 habuerunt.
2915 2150 3153 2243 Ipsum
3188 2153 3561 2247 Hexapla.

747 2288 901 2361 rum
946 2303 1128 2368 opus
1175 2280 1650 2365 Hieronymus
1709 2299 1991 2366 quoque
2053 2281 2379 2350 tractavit
2399 2304 2440 2370 ;·
2478 2281 2698 2371 ceteri
2741 2281 2912 2355 satis
2945 2280 3282 2352 habuisset
3309 2280 3559 2350 viden·

749 2423 865 2485 tur
919 2400 1198 2487 delectu
1264 2366 1671 2470 Eusebiano
1716 2400 1875 2482 uti;
1926 2397 2298 2480 nonnulli,
2349 2401 2421 2466 in
2487 2398 2598 2466 bis
2653 2399 2950 2471 Basilius
3008 2398 3544 2490 Caesareensis',

747 2529 1121 2625 diligenter
1180 2524 1635 2618 providerunt
1663 2572 1688 2606 ‚
1756 2541 1845 2590 ne
1908 2521 2221 2591 Codices
2286 2520 2602 2589 deessent
2624 2568 2649 2604 ,
2700 2526 2821 2609 qui
2891 2529 3371 2601 recensionem
3432 2530 3557 2604 vet

744 2655 1123 2752 origenis,
1174 2651 1288 2721 vel
1333 2648 1632 2727 Luciani
1675 2665 1811 2718 aut-
1848 2644 2195 2736 Hesychii
2249 2664 2498 2717 exacte
2535 2636 3151 2735 repraesentarent,
3248 2651 3337 2721 In
3369 2655 3560 2729 hant:

742 2785 928 2856 enim
986 2780 1443 2858 sententiam,
1493 2793 1637 2843 non
1701 2771 1788 2844 de
1842 2771 2182 2865 peculiari
2242 2771 2481 2844 Basilii
2540 2770 2912 2859 editione,
2943 2776 3165 2847 ‘verba
3233 2776 3537 2875 Georgii

736 2907 1054 3001 Syncelli
1112 2906 1523 2997 acceperim.
1628 2897 1749 2971 Cf.
1823 2898 2103 2972 Hodius
2153 2920 2227 2990 p,
2270 2918 2440 2991 3¹5·
2524 2896 2883 2974 Praeterea
2935 2900 3110 2972 aliae
3153 2904 3536 2998 deinceps

735 3037 1081 3110 lectiones
1116 3038 1189 3104 in
1230 3032 1547 3126 margine
1604 3026 1958 3101 Codicum
2001 3025 2268 3100 addit-ae
2338 3043 2536 3118 sunt,
2587 3046 2678 3098 ex
2730 3025 3144 3117 Hieronymi
3190 3029 3542 3110 versione

735 3162 1046 3238 Hebraei
1092 3157 1592 3246 Testamenti,
1663 3174 1735 3224 et
1806 3154 2093 3224 aliunde
2171 3157 2528 3245 repetitae.
2646 3150 2799 3225 Hae
2867 3171 3063 3225 erant
3124 3154 3532 3231 doctiorum

732 3306 969 3358 curae.
1066 3278 1249 3350 Nam
1291 3296 1509 3365 quum
1569 3294 1813 3363 postea
1865 3276 2190 3359 librarii,
2234 3296 2316 3346 ut
2365 3276 2496 3362 fvt,
2539 3281 2776 3349 omnia
2824 3277 3059 3350 denuo
3120 3286 3536 3371 perturbas--

736 3430 889 3506 sent
926 3459 952 3495 ,
1020 3426 1202 3477 non·
1244 3399 1572 3473 videntur
1636 3400 1807 3469 novi
1889 3399 2199 3492 integrae
2294 3406 2675 3494 scripturae
2744 3405 3068 3478 vindices
3125 3409 3510 3500 prodiisse,

732 3537 1035 3633 ingeniis
1097 3550 1217 3603 aut
1268 3549 1537 3621 semper
1587 3523 1827 3597 multis
1881 3527 2126 3597 nescio
2172 3526 2379 3619 cujus
2427 3529 2700 3599 rixosae
2760 3552 2842 3599 ac
2904 3533 3271 3621 sordidae,
3311 3557 3526 3627 quarn
3607 3591 3610 3594 -

730 3661 1070 3754 elegantis
1129 3674 1630 3743 accurataeque
1702 3649 2148 3748 Theologiae
2194 3653 2724 3724 amantior-ibus
2753 3702 2779 3738 ,
2851 3672 2970 3725 aut
3043 3661 3277 3730 medio
3345 3682 3528 3733 aevo

732 3787 1010 3859 cunctis
1051 3784 1363 3852 omnium
1404 3778 1757 3849 literarum
1800 3779 2189 3868 ignorantia
2224 3780 2616 3849 exstinctis.
3109 3849 3112 3854 .

799 3909 1059 3999 Neque
1080 3908 1370 3980 aliarum
1402 3904 1792 4000 linguarum
1817 3898 2281 3973 versionibus
2302 3924 2391 3973 ex
2415 3902 2704 3977 Graeca'
2728 3903 2930 3978 factis
2952 3906 3220 3982 Critici
3242 3932 3537 4003 prorsus

735 4037 1156 4118 defuerunt,
1206 4031 1527 4105 nonnulli
1588 4049 1811 4102 tamen
1870 4025 2158 4097 subinde
2207 4032 2435 4101 minus
2488 4035 2728 4119 acuti,
2778 4033 2898 4105 alii
2965 4053 3227 4106 tantum
3285 4058 3525 4131 popu·

724 4165 991 4256 laribus
1050 4163 1305 4237 usibus
1349 4160 1623 4231 intenti.
1750 4155 2260 4274 §egyptiacam
2345 4176 2710 4251 utramque
2742 4209 2774 4248 2
2838 4160 2931 4256 id,
2970 4180 3076 4231 est
3142 4137 3530 4258 Copticanr

2304 4395 2307 4398 y
3329 4294 3523 4390 (cu-

810 4482 962 4567 (ν)
1008 4482 1120 4549 cr.
1175 4481 1436 4549 Hodius
1486 4501 1557 4568 p.
1588 4498 1742 4573 929·
1788 4453 1847 4548 ιε
1879 4477 2075 4572 Long
2103 4479 2275 4551 Bm.
2322 4475 2505 4549 sacr.
2547 4445 2655 4548 ed.
2693 4479 2967 4584 Μυσὴ.
3012 4481 3089 4553 P.
3126 4480 3221 4553 11.
3269 4481 3422 4560 vor,
3454 4479 3528 4550 η

717 4592 761 4679 S
786 4587 1071 4662 xmtnl
1112 4589 1265 4678 pa'g·
1306 4589 1471 4654 260.
2175 4696 2258 4778 c

2295 4714 2354 4797 3
