4625 5804
1943 598 2001 704 C
2100 617 2213 703 r9·
2284 606 2362 708 >²

738 791 918 888 idem
978 783 1217 880 inulto
1266 782 1472 879 etiam
1527 807 1747 906 magis
1800 804 1874 880 in
1926 784 2240 879 Hodium
2303 804 2444 878 dici
2483 820 2766 898 posset,
2820 776 2944 896 qui
2999 798 3118 874 sua
3157 798 3282 876 illa
3323 803 3548 897 copi!

728 933 1014 1021 effecit,
1086 952 1167 1004 ut
1227 931 1657 1033 adversarius
1710 938 1954 1033 paucis
2013 956 2157 1008 rem
2218 934 2570 1008 conficere
2623 935 2910 1006 omniuo
2955 952 3099 1006 non
3158 933 3533 1023 potuisset.

729 1058 993 1151 Neque
1049 1081 1220 1134 vero
1283 1063 1452 1140 haec
1511 1069 1607 1138 ita
1670 1068 2042 1159 ponimus,
2128 1066 2321 1155 quasi
2381 1063 2591 1137 nobis
2655 1064 3020 1135 arbitrium
3079 1079 3532 1157 arrogemus,

730 1208 852 1261 aut
917 1192 1115 1279 quasi
1179 1212 1398 1284 paene
1464 1195 1720 1293 religio
1786 1214 1930 1266 non
1960 1196 2074 1264 ·sit
2113 1192 2476 1264 dissentire
2531 1214 2570 1263 a
2632 1189 3191 1277 Valckenaerio,
3253 1171 3522 1282 quem,

722 1315 1201 1408 quodcunque
1260 1320 1391 1393 hac
1454 1325 1526 1403 iu
1589 1344 1825 1396 caussa
1881 1342 2042 1395 cum
2097 1318 2516 1395 Aristobulo
2569 1319 3032 1413 conjunctum
3083 1338 3305 1409 esset,
3380 1343 3535 1395 om·

722 1447 905 1515 nino
954 1444 1049 1516 ad
1102 1443 1450 1536 liquidum
1504 1450 1913 1541 perduxisse
1974 1464 2298 1543 putamus
2331 1497 2357 1535 ,
2422 1468 2497 1519 et
2549 1468 2696 1539 quo
2753 1466 2962 1519 nemo
3027 1468 3330 1538 unquam
3393 1449 3536 1522 fuit

722 1571 1011 1641 istarum
1068 1592 1319 1640 rerum-
1358 1578 1655 1661 peritior
1701 1574 1964 1668 judex:
2033 1596 2276 1647 verum
2341 1573 2522 1646 illud
2564 1572 2866 1667 intelligi
2909 1571 3166 1661 velim,
3220 1594 3535 1646 caussam

720 1714 870 1766 esse
916 1691 1313 1784 ejusmodi,
1386 1711 1564 1781 quae
1617 1713 1711 1761 ne
1771 1698 1904 1783 ipsi
1954 1699 2236 1797 quidem
2284 1699 2800 1765 Valckenaerio
2860 1717 3283 1785 pertractata
3332 1700 3541 1775 vide-

724 1838 964 1908 retur,
1016 1817 1200 1890 unde
1244 1821 1396 1913 ipse
1439 1839 1590 1889 eam
1631 1816 1859 1891 adhuc
1904 1813 2260 1910 paulisper
2299 1814 2696 1905 relinquere
2740 1815 3120 1888 maluisset.
3227 1822 3534 1915 Scripsit

719 1918 927 2016 enim.
964 1968 1041 2036 p.
1094 1944 1186 2037 58
1243 1949 1315 2016 in
1378 1945 1557 2015 fine:
1629 1995 1683 2033 ‚‚
1716 1946 1841 2017 ubi
1899 1941 2109 2015 video
2170 1943 2347 2015 mihi
2403 1941 2944 2015 dissentiendum
2978 1944 3066 2015 ab
3124 1936 3540 2023 hominibus

695 2071 1248 2156 'eruditis-simis,
1305 2068 1642 2161 Usserio,
1701 2070 2083 2156 salmasio,
2136 2071 2531 2161 ceterisque
2566 2070 2653 2141 ab
2698 2068 2942 2142 Hodio
2978 2071 3276 2147 laudatis
3312 2074 3533 2154 L.11.

718 2221 789 2270 c.
826 2219 923 2294 7,
989 2197 1268 2269 mallem
1325 2200 1647 2290 equidem
1707 2198 1793 2270 de
1858 2198 2196 2272 sententia
2251 2195 2486 2270 dicere
2541 2197 2987 2295 Ar1stobuli‚
3057 2221 3266 2291 quam
3312 2202 3396 2275 de
3453 2226 3538 2278 re

717 2326 920 2411 ipsa;
995 2323 1117 2388 sed
1174 2318 1346 2390 haec
1397 2325 1573 2392 adeo
1619 2347 1855 2392 secum
1904 2325 2679 2413 invicemcohaerent,
2732 2342 2813 2393 ut
2861 2328 3162 2411 separari
3202 2330 3322 2391 vix
3362 2348 3530 2414 pos.

720 2442 937 2517 sint.”
1010 2462 1082 2513 et
1123 2464 1284 2538 pag.
1328 2442 1449 2517 62.
1548 2488 1604 2528 ‚‚
1653 2440 1851 2513 Dum
1913 2443 2149 2531 itaque
2200 2443 2628 2511 contrarium
2670 2446 2874 2512 novis
2908 2441 3121 2514 fuerit
3159 2466 3536 2543 argumen.

721 2577 814 2643 tis
846 2571 1440 2652 demonstratum,
1492 2564 1861 2657 probabile
1899 2561 2320 2633 videbitur-’⁹
2344 2562 2721 2654 -denique
2763 2567 2979 2657 paulo
3019 2567 3234 2641 infra.
3308 2625 3366 2662 ‚‚
3419 2577 3524 2649 Et

714 2692 1087 2789 supersunt
1134 2698 1206 2765 in
1268 2694 1378 2763 bis
1442 2692 1657 2763 rebus
1720 2709 1858 2761 tam
1920 2709 2126 2781 saepe
2185 2688 2325 2781 jam
2378 2693 2768 2762 retractatis
2832 2692 3051 2764 multa
3094 2711 3319 2770 tamen
3360 2720 3523 2778 ante

714 2820 1149 2919 peragenda,
1220 2839 1428 2911 quam
1486 2815 1573 2889 ad
1628 2816 1974 2910 liquidum
2038 2835 2279 2886 omnes
2333 2813 2586 2888 deduci
2635 2817 2988 2911 possint?

811 2949 1070 3021 Verum
1127 2947 1213 3019 ab
1264 2945 1404 3018 hoc
1464 2944 1703 3037 loco,
1748 2947 1821 3015 in
1878 2963 2084 3036 quem
2123 2963 2256 3014 nos
2294 2942 2578 3040 longius
2618 2945 2912 3019 abduxit
2948 2968 3374 3030 summorum
3417 2961 3533 3034 in-

712 3079 1080 3174 geniorum
1151 3076 1679 3165 uberrimaeque
1757 3069 2117 3146 doctrinae
2189 3069 2556 3146 admiratio
2589 3122 2614 3158 ‚
2680 3071 2820 3165 jam
2891 3053 3323 3155 discedamus
3355 3136 3385 3177 ,
3452 3109 3528 3161 et

711 3204 807 3275 ad
865 3203 1232 3274 versionis
1305 3221 1454 3291 quo
1523 3198 1797 3270 demum
1875 3218 2156 3287 cunque
2219 3198 2436 3270 modo
2496 3218 2694 3270 natae
2752 3221 3157 3292 sequentem
3224 3227 3522 3306 aetatem

711 3343 1105 3421 pergamus-
1542 3335 1547 3340 ⁴
3091 3309 3102 3320 ’

814 3451 1158 3524 Ceterum
1218 3448 1306 3521 de
1355 3445 1670 3519 vertendi
1736 3439 1997 3542 genere
2057 3439 2165 3517 his
2223 3435 2730 3542 Interpretibus
2793 3465 3085 3552 proprio
3152 3486 3298 3539 non
3360 3488 3516 3559 est,

708 3577 908 3670 quod
960 3575 1176 3648 multa
1234 3576 1586 3664 dicamus,
1665 3569 2227 3666 quandoquidem
2285 3575 2570 3672 plurimi
2628 3581 2763 3649 viri
2813 3584 3009 3656 docti
3073 3592 3332 3668 dudum
3388 3597 3526 3670 do·

717 3720 1061 3793 cuemur,
1128 3699 1311 3771 illud
1364 3724 1511 3771 esse
1568 3706 1855 3772 ‘minime
1924 3699 2245 3804 elegans,
2320 3700 2639 3773 subinde·
2676 3725 2854 3779 vero
2915 3712 2985 3781 in
3036 3710 3221 3786 locis
3269 3720 3517 3796 diffici-

711 3829 1013 3903 lioribus
1074 3827 1238 3898 satis
1292 3833 1544 3922 vagum
1580 3877 1606 3918 ‚
1686 3828 2028 3895 incertum
2066 3875 2092 3908 ,
2176 3848 2387 3920 atque
2447 3832 2766 3905 universe
2832 3834 3249 3913 Versionem
3319 3843 3517 3917 illam

716 3955 945 4026 multo
1001 3955 1228 4024 minus
1278 3952 1375 4025 ob
1435 3955 1772 4024 internam
1831 3955 2367 4044 praestantiam,
2440 3978 2646 4048 quam
2713 3963 2809 4033 ob
2867 3986 3187 4040 externas
3247 3993 3516 4044 caussas

721 4085 937 4168 tami,
993 4082 1231 4172 quanti
1283 4101 1474 4153 nunc
1524 4083 1777 4153 merito
1820 4077 2155 4164 habetur,
2220 4080 2606 4160 habendam
2671 4110 2822 4162 esse
2871 4099 3233 4168 momenti.
3335 4096 3518 4173 Pen-

720 4210 1026 4283 tateuchi
1094 4207 1422 4301 quidem,
1498 4211 1643 4279 sive
1705 4206 2050 4281 librorum
2108 4203 2588 4285 Mosaicorum
2652 4215 2912 4289 Versio
2961 4219 3349 4311 praefertur
3395 4250 3520 4301 ce-

718 4338 911 4404 teris.
1013 4334 1131 4407 De
1182 4336 1551 4438 codicibus
1603 4353 1832 4408 autem
1888 4332 2228 4408 Hebraeis
2266 4336 2340 4408 in
2380 4334 2866 4418 Pentateucho
2908 4344 3192 4424 Graeco
3235 4377 3524 4450 expres-

717 4462 810 4532 sis
858 4458 1045 4531 infra
1092 4461 1371 4535 dicendi
1420 4463 1626 4537 locus
1673 4467 1809 4535 erit
1858 4462 1902 4554 §
1953 4483 2065 4557 14.

816 4583 1050 4684 Hujus
1124 4586 1486 4662 versionis
1549 4590 1836 4684 publica
1898 4596 2307 4685 privataque
2369 4596 2586 4675 lectio
2643 4602 2825 4678 inter
2896 4602 3198 4698 Iudaeos
3251 4573 3519 4681 matur&

976 4745 985 4752 ·
2172 4720 2236 4795 C
2290 4743 2338 4797 2
3379 4725 3521 4800 fre·
