4625 5804
2362 590 2711 693 (6)

1077 796 1531 896 ‘versionum
1581 783 1927 863 editiones
1985 784 2109 881 qui
2161 805 2703 880 recensuerunt,
2769 807 3013 866 eorum
3071 796 3430 891 praecipui
3489 811 3649 870 sunt
3706 797 3916 886 Lotis

1130 940 1267 1017 gus
1328 914 1552 1015 (g),
1642 914 1952 989 Grabius
2021 913 2246 1016 (h),
2331 919 2399 1014 J.
2448 920 2542 996 A.
2595 915 2965 994 Fabricius
3030 918 3238 1022 (i),
3327 922 3396 1018 J.
3448 921 3548 997 G.
3598 922 3919 1021 Carpzo·

1126 1045 1290 1118 vius
1338 1040 1562 1137 (k),
1630 1039 2116 1131 Eichhornius
2163 1044 2374 1139 (t).
2448 1044 3067 1145 Scharfenbergius
3122 1068 3198 1122 et
3250 1046 3616 1128 Pfeifferus
3676 1052 3923 1146 (m),

1128 1165 1626 1244 Eichstaedius
1692 1168 1908 1269 (n).
2017 1173 2115 1247 At
2202 1175 2519 1267 quamvis
2595 1174 2847 1249 crebro
2926 1178 3061 1249 viri
3133 1176 3330 1250 docti
3410 1180 3540 1250 ista
3621 1176 3926 1250 tradide-

1126 1295 1270 1366 rint
1292 1345 1317 1381 ,
1390 1312 1657 1381 tamen,
1733 1315 1878 1387 quo
1946 1302 2168 1396 magis
2235 1297 2671 1379 Holmesiani
2737 1307 2976 1395 operis
3048 1323 3287 1378 caussa
3344 1324 3420 1377 et
3488 1322 3920 1378 momentum

1125 1418 1608 1517 intelligatur,
1698 1423 1899 1518 juvat
1982 1431 2257 1520 paucis-
2312 1448 2631 1524 repetere
2722 1432 3126 1504 memoriam
3215 1427 3597 1505 studiorum
3625 1483 3651 1519 ,
3743 1449 3928 1522 quae

1125 1549 1564 1641 superiorum
1645 1568 1949 1623 aetatum
2044 1553 2304 1629 Critici
2378 1560 2450 1629 in
2532 1553 2961 1647 emendando
3035 1555 3236 1630 Test.
3308 1559 3551 1626 Veteri
3637 1555 3926 1627 Graeco

1123 1695 1553 1769 posuerunt:
1626 1674 1837 1763 idque
1908 1699 1999 1742 eo
2061 1687 2329 1761 magis,
2400 1680 2594 1757 quod
2659 1677 3013 1739 Historiae
3091 1670 3476 1739 Literariae
3532 1672 3982 1763 ‘scriptores‘

1130 1806 1411 1883 saepius
1479 1797 1589 1863 illi
1660 1791 1942 1878 quidem
2013 1789 2407 1881 ejusmodi,
2477 1788 2756 1879 qualem
2816 1772 3003 1861 nunc
3071 1791 3447 1881 volumus,
3513 1801 3929 1871 narrationis

1129 1918 1328 2009 quasi
1366 1916 1674 1987 membra
1715 1917 2079 2007 separatim
2118 1916 2660 2008 expoliverunt‚
2713 1913 3027 1987 nondum
3086 1934 3316 1989 tamen
3340 1967 3366 2004 ,
3419 1920 3613 2009 quod
3662 1927 3923 2010 sciam,

1121 2041 1606 2140 conglutinata
1678 2041 1766 2113 ad
1839 2042 2007 2137 justi
2086 2044 2410 2134 corporis
2484 2045 2791 2135 speciem
2863 2040 3435 2130 conformatum,
3505 2044 3688 2120 unde
3756 2044 3927 2119 Cri-

1128 2174 1313 2246 ticae
1373 2172 1446 2241 in
1503 2169 1642 2242 hoc
1695 2144 1972 2240 Veteris
2029 2166 2436 2265 Religionis
2506 2166 2758 2242 codice
2829 2167 3241 2260 disciplinae
3312 2188 3569 2241 aetates
3620 2192 3701 2242 ac
3755 2192 3925 2264 pro.

1137 2316 1418 2394 gressus
1475 2315 1927 2381 notarentur,
2001 2296 2390 2385 horumque
2450 2314 2729 2367 caussae
2789 2293 3360 2384 explicarentur,
3427 2300 3717 2366 omnino
3774 2299 3922 2383 ita,

1131 2440 1337 2491 suum
1436 2437 1517 2489 ut
1613 2415 1927 2487 Historia
2021 2434 2276 2484 munus
2370 2416 2764 2505 explevisse
2825 2411 3252 2483 videretur.
3407 2411 3587 2488 Sane
3689 2416 3932 2493 Heze-

1125 2545 1262 2618 lius
1332 2542 1548 2639 (nn)
1638 2544 1945 2613 exaravit
2030 2538 2415 2621 Historiam
2489 2539 2682 2603 Artis
2757 2535 2830 2598 in
2899 2530 3142 2601 Veteri
3228 2533 3428 2609 Test.
3505 2560 3922 2635 occupatae.

3731 2665 3931 2742 Idem

1206 2885 1243 2962 ζ
1258 2881 1361 2971 g)
1400 2879 1544 2967 Jac.
1591 2878 1650 2944 le
1686 2878 1881 2967 Long
1912 2872 2284 2947 Parisiensis
2322 2870 2387 2939 in
2425 2869 2823 2941 Bibliotheca
2859 2871 3077 2942 Sacra.
3154 2869 3432 2944 Auctam
3469 2875 3684 2949 denuo
3718 2880 3934 2952 edide-
4047 2850 4054 2857 ”

1122 3006 1277 3061 runt
1322 2993 1408 3057 C.
1439 2990 1516 3055 F.
1558 2986 1913 3053 Boemerus
1949 2982 2213 3067 Lipsiae
2251 2992 2463 3064 1709,
2503 2992 2568 3045 et
2599 2978 2687 3046 A.
2726 2981 2819 3046 G.
2855 2976 3198 3102 Maschius
3230 2977 3432 3049 Halae
3468 2977 3734 3068 1778-
3762 3005 3929 3075 1790

1131 3097 1373 3164 6Voll.
1421 3091 1670 3178 formae
1721 3102 2013 3172 quartae.

1226 3201 1373 3288 (h)
1415 3200 1492 3268 In
1539 3194 1846 3266 Editione
1888 3190 2229 3260 versionis
2272 3187 2400 3261 Gr.
2373 3230 2442 3273 .,
2481 3187 2844 3275 Prolegom.
2892 3192 3061 3275 Cap.
3107 3190 3234 3260 111.

1211 3310 1346 3394 (i)
1391 3308 1466 3375 ln
1512 3303 1822 3375 Biblioth
1865 3300 1993 3369 Gr.
2038 3299 2194 3368 Vol.
2225 3294 2291 3363 11
2339 3315 2411 3381 p.
2454 3313 2583 3384 315
2626 3310 2785 3378 sqq.
2829 3294 2985 3367 edit.
3031 3297 3314 3378 primae:
3355 3297 3513 3370 Vol.
3548 3301 3643 3372 111
3691 3323 3764 3387 p.
3803 3305 3932 3393 658

1123 3435 1282 3501 sqq.
1332 3412 1492 3482 edit.
1550 3407 1806 3480 Harles-

1218 3519 1369 3604 (k)
1409 3515 1488 3582 In
1542 3511 1786 3580 Critica
1830 3512 2022 3580 Sacra
2074 3510 2226 3581 Vct.
2274 3504 2465 3577 Test.

1214 3628 1347 3713 (l)
1397 3623 1471 3691 In
1503 3617 1862 3687 Universali
1894 3615 2385 3688 Introductione
2431 3606 2502 3671 in
2530 3604 2626 3672 V.
2675 3600 2769 3672 T.
2852 3601 3036 3673 Usus
3066 3621 3212 3675 sum
3246 3606 3425 3678 Edit.
3455 3608 3709 3704 Belgica
3740 3619 3933 3690 altera

1124 3725 1216 3800 A.
1261 3730 1468 3813 1789,
1511 3735 1575 3790 et
1622 3721 1808 3787 Edit
1860 3716 2245 3784 Germanica
2294 3711 2479 3778 tertia
2521 3710 2608 3777 A.
2648 3710 2840 3791 1803.

1209 3832 1383 3914 (m)
1427 3832 1503 3894 In
1555 3823 1829 3891 Harlesii
1877 3819 2155 3889 editione
2198 3816 2634 3885 Bibliothecae
2678 3812 3078 3884 Fabricianac
3131 3818 3183 3885 1.
3228 3836 3294 3880 c.

1213 3936 1375 4023 (n)
1420 3932 1502 3998 In
1567 3926 2040 3995 Additamentis
2114 3927 2194 3995 ad
2262 3925 2440 3991 Mori
2505 3922 2821 3988 Acroases
2884 3935 3078 3999 super
3150 3917 3631 4006 Hermeueutica
3679 3922 3773 3994 N.
3830 3924 3932 3997 Τ·

1129 4043 1285 4109 v01
1316 4041 1379 4108 11
1418 4057 1485 4121 Ρ
1526 4050 1897 4119 103—120
1927 4043 1990 4099 et
2030 4046 2428 4118 134—143.
2478 4025 2593 4095 Cf.
2626 4025 2777 4090 item
2811 4019 3220 4090 Schleusneri
3255 4040 3407 4094 nota
3433 4028 3512 4095 ad
3543 4047 3691 4117 pag.
3723 4030 3811 4118 6,
3841 4051 3929 4119 7,

1128 4146 1611 4233 opusculorum
1665 4137 2055 4208 criticorum
2113 4136 2193 4206 ad
2241 4151 2444 4203 verss.
2499 4125 2624 4198 Gr.
2668 4125 2763 4192 V·
2815 4123 2900 4196 T.
2953 4126 3432 4210 pertinentium.

1220 4254 1387 4333 (nn)
1431 4250 1610 4320 With
1641 4249 1767 4317 Fr.
1792 4244 2055 4313 Hszel’s
2074 4244 2365 4312 Ver-such
2398 4246 2580 4308 einer
2612 4233 2990 4305 Geschichte
3022 4233 3143 4301 der
3174 4235 3540 4309 Bt‘blischen
3563 4241 3794 4315 Kritlk
3823 4246 3933 4316 des
4063 4333 4080 4338 ι

1140 4353 1237 4426 A.
1273 4355 1355 4422 T.
1395 4353 1590 4421 Halae
1633 4354 1797 4439 1780
1824 4353 1893 4421 in
1930 4355 2026 4419 8⁰.
2111 4350 2189 4416 In
2223 4348 2425 4435 priori
2465 4344 2659 4411 libelli
2686 4355 2866 4427 parte
2899 4340 3047 4408 inde
3083 4362 3119 4410 a
3168 4363 3239 4428 Ρ.
3282 4348 3529 4433 19—38
3577 4349 3656 4419 de
3693 4357 3936 4437 praeci.

1135 4464 1289 4550 puis
1318 4458 1703 4548 Judaeorum
1735 4453 1997 4525 Criticis
2032 4469 2240 4523 narrat
2273 4453 2420 4523 inde
2453 4450 2533 4519 ab
2575 4449 2749 4518 Ezra
2777 4466 2996 4533 usque
3033 4450 3110 4518 ad
3148 4451 3237 4522 R.
3259 4451 3540 4522 Athiam.
3627 4452 3704 4526 In
3738 4462 3932 4529 altera

1139 4569 1219 4639 de
1268 4562 1695 4642 christianin
1723 4580 1726 4584 ’
1740 4579 1807 4653 Ρ.
1849 4579 1928 4651 39
1966 4576 2028 4631 et
2056 4579 2144 4651 40
2195 4558 2274 4628 de
2303 4559 2580 4668 Origene*
2622 4570 2686 4627 ct
2739 4555 3045 4627 Hier-oms
3101 4579 3168 4647 Ρ.
3199 4578 3280 4647 41
3338 4560 3414 4629 dc
3461 4561 3672 4631 medio
3723 4580 3925 4665 aevo}

3807 4750 3814 4758 .
3858 4688 3934 4752 P·
