4625 5804
2250 560 2670 737 χ(τῷ)

1064 762 1486 859 frequentari
1550 761 1772 857 magis
1816 760 2175 858 magisque
2240 764 2509 855 coepit.
2613 756 2896 834 Deinde
2948 751 3200 834 exorta
3257 757 3664 835 Christiani
3721 768 3891 842 reli-i

1050 900 1333 991 -gione,
1379 912 1458 962 ac
1501 908 1839 979 pereunte
1867 887 2109 989 lingua
2165 886 2534 975 Hebraea,
2589 891 2784 973 interv
2827 885 3130 981 Judaeos
3167 892 3416 961 sensim
3477 896 3876 985 sensimque

1070 1019 1472 1113 posthabita
1527 1014 1683 1087 aliis
1746 1018 1970 1112 magis
2027 1018 2245 1093 etiam
2298 1015 2385 1087 ad
2443 1019 2754 1111 ipsorum
2831 1012 3194 1112 ingenium.
3269 1021 3659 1109 apparatis,
3729 1020 3890 1090 sola

1062 1146 1296 1240 viguit
1355 1166 1482 1215 usu
1549 1145 1866 1217 omnium
1925 1142 2540 1236 Christianorum,
2610 1140 2906 1217 Graecis
2984 1144 3266 1234 quidem
3334 1146 3498 1235 ipsa„
3556 1143 3882 1231 Graeci,

1060 1268 1341 1346 Latinis
1378 1271 1675 1361 aliisque
1721 1275 1794 1342 in
1818 1288 1985 1342 'suas
2027 1270 2428 1365 quibusque
2464 1267 2742 1366 linguas
2799 1268 3033 1343 denuo
3099 1271 3436 1343 conversa
3494 1274 3887 1344 utentibus.

1072 1395 1153 1476 In
1205 1398 1454 1471 Latina
1499 1396 1830 1470 Ecclesia
1892 1396 2053 1468 inde
2094 1420 2134 1468 a
2181 1395 2394 1469 Saec.
2432 1395 2500 1467 V
2562 1398 2846 1468 ineunte
2895 1418 3131 1469 novae
3192 1397 3527 1468 Versioni
3578 1418 3680 1470 ex.
3727 1397 3878 1471 He·

1063 1524 1276 1601 braeo
1323 1526 1552 1601 factae
1595 1525 1838 1601 locum
1886 1522 2133 1595 cedere
2189 1521 2489 1608 debuit,
2532 1522 2757 1595 multa
2813 1541 3039 1595 tamen
3083 1525 3190 1593 sui
3230 1527 3531 1615 vestigia
3568 1524 3885 1612 reliquit.

1066 1648 1212 1723 Sed
1254 1654 1432 1726 hanc
1484 1654 1623 1721 vim
1669 1649 1915 1724 habuit
1956 1670 2170 1735 opera
2207 1647 2694 1722 criticorum,
2748 1651 2872 1729 qui
2913 1647 3053 1728 jam
3089 1660 3284 1709 antea
3327 1641 3641 1713 Graecae
3699 1645 3914 1727 Ver·-

1065 1781 1281 1851 sionis
1329 1783 1581 1843 sensim
1656 1770 2050 1849 sensimque
2114 1779 2487 1850 corruptae
2543 1758 2844 1835 remedia
2903 1782 2996 1833 ex
3034 1760 3367 1863 Hebraeo
3423 1765 3699 1841 Codice
3753 1794 3883 1864 pe.-

1065 1897 1367 1975 tiissent.
1470 1886 1752 1979 Nempe
1814 1884 2122 1957 Saeculo
2166 1881 2272 1955 111
2344 1883 2778 1961 invaluerant
2835 1888 2906 1959 in
2966 1887 3076 1957 his
3136 1888 3336 1962 libris
3393 1895 3617 1967 studia
3680 1898 3890 1973 Astis,

1062 2017 1436 2104 Criticae,
1483 2035 1794 2108 quorum
1840 2016 2040 2089 initia
2070 2032 2143 2085 et
2188 2014 2702 2088 successionem
2741 2034 2957 2108 porro
3000 2012 3545 2123 explicabimus,

1120 2222 1213 2373 fs
1221 2324 1238 2341 .
1291 2290 1364 2366 5.
1463 2269 1585 2345 De
1634 2269 1824 2341 Arte
1886 2267 2173 2343 Critica
2215 2271 2291 2343 t’n
2338 2268 2424 2343 V.
2475 2266 2559 2344 T.
2613 2270 2888 2344 Graeco
2944 2274 3370 2347 emendando
3423 2286 3792 2369 usurpata·
3871 2251 3876 2257 ’

1431 2393 1593 2468 inde
1635 2394 1730 2465 ab
1772 2394 2087 2489 Origene
2126 2415 2345 2487 usque
2388 2394 2493 2465 ad
2529 2393 2866 2466 Editores
2924 2394 3439 2489 complutenses
3463 2448 3492 2484 ,

1597 2518 1805 2597 Sacc.
1844 2529 2008 2610 post
2060 2517 2240 2589 Chr.
2285 2519 2388 2586 111
2447 2538 2663 2607 usque
2720 2518 2826 2586 ad
2887 2516 3104 2590 Sacc.
3134 2519 3344 2593 XVI.

1120 2772 1269 2847 ‚De
1317 2772 1431 2845 h-is
1479 2769 1728 2843 studiis
1781 2790 1940 2843 ante
2000 2766 2379 2842 Saeculum
2418 2788 2464 2839 a
2493 2764 2787 2840 Christo
2841 2785 3016 2839 nato
3054 2764 3343 2844 tettiu‘m
3407 2772 3586 2846 illud
3651 2767 3882 2857 unum

1067 2905 1441 2997 ponimus,
1491 2899 1837 2971 exstitisse
1890 2897 2096 2968 Saec.
2130 2894 2241 2980 11,
2314 2896 2404 2963 ac
2462 2890 2646 2963 forte
2701 2896 2989 2965 ineunte
3033 2896 3191 2986 111,
3261 2905 3378 2991 qui
3403 2952 3440 2985 „
3483 2909 3630 2976 sive
3675 2909 3873 2997 quod

1065 2997 1288 3104 m'ulta
1341 3026 1596 3096 vitiosa
1636 3022 1984 3094 ferrentur
2033 3017 2240 3112 hujus
2280 3016 2645 3089 versionis
2680 3021 3047 3112 exempla,
3102 3028 3252 3096 sive
3287 3028 3477 3117 quod
3519 3051 3668 3102 eam
3711 3037 3870 3107 uni-

1068 3176 1268 3227 verse
1311 3155 1536 3224 minus
1583 3151 2011 3251 probarent,
2063 3167 2282 3245 novas
2323 3147 2459 3242 ipsi
2528 3144 2959 3231 conficerent
3019 3151 3441 3244 versiones,
3490 3159 3878 3249 Aquilam,

1067 3249 1693 3376 Theodotionem
1750 3274 2294 3367 Symmachum,
2346 3271 2551 3344 alios.
2651 3272 2802 3368 Qui
2851 3297 3022 3348 vero
3061 3282 3277 3369 ipsam
3333 3281 3739 3356 Versionem
3776 3287 3876 3361 ad.

1064 3411 1264 3483 Artis
1320 3407 1637 3483 Criticae
1684 3424 1998 3481 normam
2063 3418 2424 3500 tractaret,
2478 3404 2743 3491 primus
2800 3421 2880 3472 et.
2928 3408 3360 3493 praecipuus.
3408 3404 3543 3477 fuit
3608 3408 3871 3508 Orige.

1071 3553 1232 3617 neS,
1285 3532 1486 3614 Saec.
1528 3529 1623 3599 III
1638 3579 1678 3618 ‚‚
1717 3529 2087 3621 Presbyter
2122 3526 2677 3607 Alexandrinus,
2730 3526 2841 3592 vir
2881 3526 2965 3593 in
2989 3530 3232 3614 paucis
3266 3548 3598 3625 magnus.
3648 3533 3883 3609 idem...

1065 3679 1208 3749 que
1260 3662 1652 3752 perperitus
1714 3675 1787 3725 et
1848 3658 2216 3724 universae
2273 3646 2642 3733 Criticae,
2701 3667 2774 3718 et
2832 3646 3110 3745 linguae
3166 3650 3570 3730 Hebraicae.
3674 3660 3878 3753 Hic,

1068 3785 1350 3870 collatis
1385 3786 1587 3857 libris
1616 3778 2038 3857 Hebraicis,
2091 3789 2173 3846 et.
2202 3774 2456 3844 ceteris
2486 3770 2629 3845 illis
2663 3761 3494 3862 versionibusGraecis,
3547 3784 3870 3857 Alexan,

1066 3906 1474 3998 drinam,id
1514 3927 1618 3976 est
1658 3906 1835 3980 hanc
1877 3900 2239 3997 vulgarem
2262 3948 2287 3987 ,
2314 3898 2720 3973 Vei-sionem
2754 3901 3327 3983 recensuit,loca
3371 3901 3747 3986 desiderata
3783 3933 3866 3989 ac

1065 4036 1406 4127 superflua
1462 4036 1673 4114 certis
1726 4033 1944 4128 signis
2000 4031 2329 4120 notavit,
2382 4024 2730 4099 Hebraico
2790 4044 2863 4095 et
2921 4044 3186 4100 ceteras
3217 4027 3619 4132 'Versiones
3661 4033 3873 4128 juxta.

1072 4169 1444 4260 apposuit,
1521 4163 1763 4241 omnia
1811 4157 2124 4235 scholiis
2180 4175 2251 4230 et
2283 4214 2295 4224 .
2327 4151 2898 4231 Praefationibus
2944 4155 3307 4252 instruxit,
3380 4179 3640 4231 summa
3692 4162 3861 4236 reli-

1065 4290 1277 4385 gione
1336 4292 1406 4362 in
1460 4292 1591 4362 hac
1658 4308 1906 4365 caussa,
1943 4304 2327 4370 versatu-a„
2359 4280 2459 4355 nil
2527 4281 2674 4352 sine
2718 4280 3016 4353 testibus
3050 4303 3366 4354 novans:
3421 4277 3746 4378 ider'nque
3782 4295 3869 4369 iu

1065 4412 1455 4489 Palaestina
1489 4413 1664 4485 hanc
1712 4414 2192 4486 recensionem
2252 4411 2693 4504 consignavit
2749 4429 2963 4500 opere
3007 4431 3127 4481 sex
3168 4411 3532 4485 columnis*
3571 4416 3878 4494 distinc*

1065 4559 1186 4632 to,
1240 4542 1369 4623 cui
1392 4556 1652 4620 nomen
1687 4537 1847 4616 inde
1872 4535 2016 4617 -fuit
2053 4533 2408 4655 Hexapla,
2457 4533 2722 4637 (Plura
2760 4538 3160 4630 notabimus
3189 4538 3368 4618 infra
3417 4542 3462 4639 S
3496 4562 3590 4638 ⁸3
3614 4596 3652 4633 ,.
3684 4546 3862 4636 242)-

3373 4697 3378 4702 ‚
3572 4727 3576 4731 ,
3643 4664 3864 4745 Pton-
