4625 5804
1985 523 2416 629 (113)

657 779 662 782 ·
777 758 1060 846 potest,
1115 754 1277 807 eum
1301 734 1544 810 multo
1580 733 1808 805 minus
1834 732 2261 824 suspicatum
2301 745 2476 802 esse.
2526 721 2781 818 Neque
2821 723 2999 798 adeo
3033 721 3209 795 illud
3250 724 3446 819 egit,
3487 739 3572 791 ut

778 871 983 953 talem
1036 863 1399 937 versionis
1457 861 1865 936 Editionem
1909 858 2262 947 efficeret,
2319 877 2497 949 quae
2533 856 2829 948 primam
2881 851 3297 943 scripturam
3353 838 3569 921 refer-

773 1012 928 1092 ret,
980 994 1186 1064 etiam
1246 990 1473 1082 sicubi
1527 988 1711 1064 forte
1760 989 1845 1061 ab
1907 991 2075 1082 ipsis
2135 984 2454 1079 Interpp.
2523 999 2897 1076 peccatum
2956 995 3187 1064 esset,
3240 974 3361 1048 cui
3418 975 3593 1074 qui·-

773 1120 931 1194 dem
982 1122 1364 1212 suspicioni
1425 1116 1836 1232 pervulgata
1904 1112 2379 1194 θεοπνευστίοις
2432 1114 2677 1205 opinio
2730 1104 3099 1180 obstabat.
3167 1100 3290 1174 sed
3343 1119 3427 1173 ut
3478 1119 3577 1171 ta·

771 1248 961 1336 lem,
1032 1247 1258 1339 qualis
1309 1247 1396 1318 ab
1464 1248 1635 1340 ipsis
1693 1244 2101 1317 auctoribus
2160 1239 2521 1334 proficisci
2581 1237 2985 1319 debuisset,
3057 1227 3133 1303 id
3187 1250 3342 1317 est,
3396 1246 3599 1322 quae

767 1373 1163 1484 Hebraicae
1216 1378 1601 1470 scripturae
1636 1391 1882 1450 exacte
1919 1370 2396 1466 responderet.
2500 1365 2696 1439 Vere
2748 1362 3033 1455 scripsit
3081 1343 3608 1448 Eichstaedius‘⁹

768 1502 941 1578 Vol.
984 1504 1052 1576 II
1103 1529 1177 1599 p.
1223 1525 1412 1606 104:
1485 1555 1540 1593 „
1597 1523 1734 1575 tam
1778 1501 1993 1599 longe
2033 1500 2155 1576 ille
2192 1489 2373 1569 afuit
2414 1494 2501 1565 ab
2540 1493 2670 1563 hac
2717 1491 3134 1604 severitate,
3186 1507 3324 1578 qua
3366 1479 3603 1596 hodiess

751 1649 1144 1722 cavemus,
1195 1653 1283 1700 ne
1340 1632 1514 1714 quid
1567 1630 1761 1701 aliud
1821 1652 2025 1720 quam
2084 1629 2172 1699 ab
2217 1628 2386 1719 ipsis
2428 1620 2836 1693 auctoribus
2883 1618 3228 1710 scriptum
3293 1608 3582 1682 induca-

771 1773 929 1839 tur,
975 1767 1058 1821 ut
1096 1748 1325 1824 omnis
1363 1744 1517 1836 ejus
1553 1744 1697 1813 Sive
1732 1764 1839 1812 ars
1883 1751 2032 1810 sive
2073 1767 2246 1808 cura
2291 1748 2858 1825 proficisceretur
2898 1746 3143 1836 potius
3181 1763 3221 1810 a
3260 1732 3587 1808 Theolo-

751 1882 939 1977 gico
1004 1894 1210 1963 quam
1279 1872 1563 1948 Critico
1623 1869 1860 1941 studio
1900 1917 1925 1949 ,
1995 1863 2178 1948 vel,
2250 1880 2333 1932 ut
2395 1862 2489 1930 ita
2555 1858 2780 1929 dicam
2823 1907 2846 1942 ,
2914 1879 2953 1928 a
3014 1853 3294 1924 Biblica
3368 1859 3589 1950 magis

776 2023 980 2112 quam
1043 1995 1532 2090 Diplomatica
1579 1992 1713 2062 fide
1761 1988 2123 2083 penderet.
2132 1986 2177 2011 ’⁹
2282 1983 2531 2071 Itaque
2569 1984 2692 2052 ille
2738 1984 3026 2053 omnino
3081 1984 3588 2053 convenienter

773 2135 923 2230 egit
981 2129 1188 2200 aetati
1235 2145 1447 2209 suae,
1502 2141 1679 2211 quae
1740 2121 1794 2188 si
1841 2119 2069 2189 caruit
2110 2111 2228 2184 illa
2284 2109 2523 2181 nostra
2580 2107 2840 2182 dudum
2888 2106 3171 2177 exculta
3235 2130 3316 2178 ac
3361 2126 3601 2235 prope

775 2257 1089 2353 perfecta
1149 2251 1426 2325 Critica
1484 2247 1746 2332 Sacra,
1796 2247 2048 2314 vitium
2110 2238 2590 2329 temporibus,
2660 2255 2802 2305 non
2863 2233 3180 2319 homini,
3234 2236 3587 2322 imputan-

769 2385 943 2458 dum
983 2401 1102 2457 est.
1193 2376 1542 2470 Idemque
1595 2371 1916 2444 Editioni
1975 2388 2141 2437 suae
2204 2381 2501 2434 tantam.
2518 2380 2679 2431 cum
2748 2355 3191 2449 prudentiam
3239 2375 3384 2426 tum
3429 2353 3593 2425 dili·

775 2515 1081 2612 gentiam
1136 2506 1508 2589 adhibuit,
1564 2492 1647 2574 ιἰι
1705 2519 1863 2570 sane
1924 2495 2178 2591 dignus
2230 2489 2494 2573 fuerit,
2550 2488 2668 2576 qui
2730 2485 2816 2554 ab
2871 2482 3179 2557 Ernesto
3222 2486 3294 2555 in
3350 2502 3591 2553 exem-

775 2640 978 2735 plum
1033 2636 1340 2729 primarii
1401 2652 1529 2703 suo
1585 2632 1656 2700 in
1721 2645 1983 2724 genere
2040 2622 2300 2694 Critici
2362 2632 2903 2712 proponeretur.
3007 2611 3197 2707 (Cf.
3272 2611 3592 2703 inprimis

776 2762 1228 2862 opuseulum
1271 2759 1358 2832 de
1411 2757 1723 2855 Origene
1777 2755 1821 2846 §
1864 2740 2421 2842 XII—XXI).

871 2891 991 2969 De
1049 2889 1374 2971 Luciano
1440 2887 1760 2978 Martyre
1821 2900 2001 2973 quae
2056 2875 2470 2965 Holmesius
2516 2825 2863 2965 disputat
2901 2865 3093 2969 Sect.
3122 2839 3305 2940 Vm
3346 2859 3419 2963 et
3452 2864 3587 2951 lx,

773 3043 1016 3129 eorum
1096 3038 1356 3130 summa
1421 3014 1563 3087 hue
1639 3006 1846 3081 redit.
1964 3003 2211 3101 Quum
2275 2992 2667 3093 Origenes
2694 2960 3037 3088 Ten-apia
3110 2991 3437 3065 edidisset
3508 2990 3598 3063 ad

770 3172 938 3243 usus
1007 3116 1572 3243 Christianorum
1638 3139 2000 3222 privatos,
2055 3147 2263 3199 suam
2334 3110 2697 3207 Lucianus
2756 3122 3161 3190 Editionem
3218 3108 3605 3213 destinavit

775 3266 1073 3347 lectioni
1128 3264 1200 3329 in
1256 3253 1730 3336 concionibus
1783 3245 2150 3339 publicae.
2248 3241 2553 3312 Luciani
2620 3238 2877 3333 Editio
2926 3232 3092 3339 item
3150 3236 3406 3329 nomen
3473 3265 3611 3315 ae.-

781 3397 975 3493 cepit
1039 3392 1159 3480 τῆς
1214 3374 1492 3475 Km'fi'c,
1561 3394 1644 3465 ut
1729 3375 1816 3448 ab
1893 3358 2279 3464 Hexaplari
2358 3366 2924 3465 distingueretur.
3023 3360 3587 3461 Fundamentum

781 3521 1139 3601 Editionis
1199 3532 1360 3587 suae
1427 3509 1671 3602 posuit
1744 3501 2142 3576 columnam
2223 3498 2566 3570 versionis
2640 3492 3149 3568 Alexandrinae
3222 3488 3615 3592 Tetrapla-'

781 3642 1257 3731 rem.ch
1315 3656 1546 3711 autem
1590 3634 1677 3704 ad
1737 3627 2094 3704 Hebraica
2146 3624 2663 3743 conformavit,
2714 3624 2841 3743 iis,
2895 3622 3068 3712 q'uae
3120 3620 3449 3715 deerant,
3472 3649 3588 3701 ex

783 3773 1287 3867 Theodotione
1365 3758 1758 3853 suppletis3
1834 3776 2009 3847 quae
2077 3770 2526 3849 supererant,
2598 3744 2829 3845 piane
2878 3746 3169 3845 ejectis.
3180 3750 3185 3753 “
3278 3726 3597 3851 Hexapla

783 3919 1140 4017 nunquam
1194 3890 1421 3976 vidit,
1498 3886 1814 3978 quippe
1828 3882 1948 3953 diu
1988 3901 2173 3997 post
2226 3882 2501 3991 obitum
2558 3876 2902 3991 Origenis
2960 3870 3195 3961 edicat,
3238 3894 3320 3981 et
3366 3879 3421 3947 si
3456 3876 3603 3975 vi·

789 4012 1047 4117 disset,
1119 4035 1700 4116 supervacaneam
1784 3996 2065 4107 operam
2125 4008 2310 4079 haud
2372 3982 2814 4113 suscepisset.
2910 3992 3133 4133 Idem
3188 4022 3454 4091 tamen,
3516 4006 3587 4076 in

786 4161 978 4243 tanta
1028 4148 1388 4261 Origenis
1409 4144 1788 4263 hujusque
1821 4124 2144 4212 laborum
2204 4126 2612 4209 celebritate
2653 4104 3007 4263 famae,
3007 4149 3086 4227 ιιι
3138 4152 3369 4258 saepe
3403 4112 3605 4205 mul.v

788 4306 1074 4451 tumque
1134 4281 1219 4354 de
1267 4276 1615 4361 institutis
1665 4254 2005 4361 Hexapli's
2055 4254 2294 4351 fando
2287 4218 2720 4389 ιιιιόινιιιίιΠί
2764 4242 3105 4387 neffgsse
3107 4280 3238 4332 est
3290 4250 3301 4257 ’
3554 4240 3605 4351 f*

891 4404 1009 4481 De
1054 4403 1494 4501 Hesychianfi
1571 4404 1643 4470 in
1698 4395 2086 4490 AEgypto.
2124 4391 2493 4516 Editione
2522 4407 2747 4511 qutun
2804 4366 3279 4493 paucissima
3294 4344 3611 4489 veteres..

796 4538 1195 4628 Scriptores
1226 4526 1678 4669 tradiderint,
1719 4502 2098 4643 'Holmesio
2145 4490 2419 4615 (Sect.
2450 4472 2617 4613 X)
2630 4517 2703 4588 in
2738 4534 3043 4623 mentem
3081 4518 3354 4665 venit,
3370 4511 3575 4646 hujus

2506 4624 2593 4643 ια,
3582 4584 3615 4637 2

797 4716 842 4741 .’
888 4696 943 4771 λ
993 4778 1008 4804 s

2375 4631 2471 4715 P
2688 4622 2813 4663 ’Ψ
2876 4626 3015 4667 ‘³'
3077 4626 3143 4659 ‘
3198 4622 3298 4657 *'‘
3334 4593 3582 4703 Μιτειιιέ-
