4625 5804
2178 668 2185 674 ,
2248 582 2305 688 <
2405 588 2498 669 m
2592 595 2662 693 y

1064 810 1117 888 ·„
1168 795 1411 868 thetae
1471 786 1873 885 suspicam,
1941 786 2337 866 versionem
2388 794 2594 865 istius
2646 788 2811 865 libri
2867 782 3120 867 factam
3163 792 3301 868 'snb
3346 789 3647 870 Ptolem.
3696 794 3873 874 Ph&

1065 974 1121 1017 ,‚
1172 921 1551 994 lometore.
1658 917 1774 991 Ne
1816 922 1956 995 hoc
2003 921 2285 1013 quidem
2327 924 2810 1019 argumentum
2868 920 3305 996 arbitror'sat
3344 921 3643 996 firmum.
3716 923 3870 995 Ad-

1062 1096 1119 1138 „
1172 1047 1588 1136 (ammenta,
1646 1069 1822 1140 quae
1852 1048 2175 1123 Graecae
2222 1046 2512 1120 fuerunt
2557 1046 2897 1122 Esther-ae
2948 1055 3256 1124 versioni
3275 1054 3698 1138 interserta,
3746 1051 3874 1125 ilia

1059 1226 1115 1265 „
1167 1175 1511 1247 debentur
1574 1180 1775 1248 istius
1838 1181 2173 1271 temporis
2229 1175 2499 1272 Judaeo
2534 1227 2560 1263 ,
2649 1175 2872 1247 eidem
2913 1227 2938 1263 ‚
3017 1182 3092 1249 ni
3148 1176 3414 1266 fallor,
3483 1180 3603 1268 qui
3662 1181 3881 1252 nobis

1060 1353 1118 1393 ‚,
1165 1291 1525 1376 historiam
1592 1309 1872 1398 scripsit
1944 1311 2385 1399 superstitem
2439 1305 2568 1376 sub
2625 1309 2907 1379 nomine
2973 1298 3175 1378 Libri
3235 1303 3339 1378 111
3401 1302 3879 1379 Maccahaeo-

1066 1481 1120 1519 „
1175 1432 1410 1506 rum.”
1465 1431 1655 1528 (Cf.
1710 1436 1875 1505 item
1918 1456 1993 1527 p.
2032 1434 2225 1530 53).
2323 1484 2380 1526 „
2428 1431 2646 1508 Circa
2695 1431 2931 1505 eadem
2973 1434 3145 1506 haec
3184 1452 3496 1525 tempora
3535 1431 3887 1527 pleraque

1057 1605 1115 1644 „
1168 1559 1452 1631 condita
1520 1581 1683 1630 sunt
1731 1586 1770 1632 a
1808 1561 2133 1654 Judaeis.
2206 1581 2410 1652 saepe
2465 1562 2970 1657 nugatoribus,
3045 1560 3202 1633 aliis
3248 1565 3455 1631 etiam
3508 1561 3710 1630 libris
3763 1562 3877 1633 di-

1056 1734 1113 1774 „
1167 1687 1347 1758 vinis
1411 1687 1522 1757 vel
1584 1686 1814 1757 addita
1877 1688 1993 1756 vel
2057 1688 2479 1769 interjecta,
2553 1703 2732 1763 quae
2779 1698 3133 1762 nunquam
3198 1683 3269 1746 in
3327 1681 3609 1769 scriptis
3674 1678 3881 1758 fuere

1056 1858 1113 1893 „
1166 1811 1576 1877 Hebraicis.
1674 1804 1870 1871 Haec
1923 1806 1978 1871 si
2024 1802 2264 1892 ejicias
2320 1819 2415 1869 ex
2468 1798 2657 1869 libro
2714 1795 2997 1872 Graeco
3062 1798 3340 1889 Ezrae,
3404 1808 3526 1894 qui
3583 1814 3888 1902 ponitur

1059 1975 1117 2016 „
1167 1928 1350 1998 inter
1406 1904 1943 2016 Apocryphos‚
2009 1924 2204 2017 quod
2260 1925 2646 1996 remanebit
2691 1927 2827 1997 erit
2884 1924 3159 2001 Graeca
3208 1932 3447 2003 versio
3501 1932 3589 2003 de
3646 1934 3873 2010 Chal-

1053 2103 1114 2148 „
1160 2039 1379 2124 daicis
1436 2049 1663 2123 Ezrae
1729 2050 1959 2138 facta,
2045 2054 2369 2125 versione
2430 2052 2757 2124 omnibus
2811 2054 2980 2126 nota
3033 2076 3226 2128 certe
3287 2062 3508 2152 magis
3553 2059 3884 2153 Graeca,

1061 2228 1117 2268 „
1168 2197 1242 2250 et
1302 2178 1607 2266 melior,
1674 2183 1809 2252 nisi
1867 2177 2063 2270 quod
2113 2181 2286 2252 haec
2337 2178 2820 2251 additamentis
2857 2200 2963 2251 est
2998 2179 3246 2274 Iudaei
3293 2187 3706 2258 recentioris
3749 2186 3879 2262 de-

1056 2355 1115 2395 „
1165 2304 1531 2400 formata”
1583 2306 1625 2398 (
1648 2305 1771 2378 Cf.
1825 2310 1994 2378 item
2039 2306 2388 2378 Valcken.
2439 2306 2525 2379 ad
2564 2305 2916 2380 Herodot.
2973 2305 3066 2379 L.
3099 2307 3229 2378 IV.
3278 2307 3454 2395 Cap.
3501 2315 3667 2400 198.
3742 2313 3877 2386 Se.-

1059 2450 1222 2528 gaar
1265 2429 1789 2504 Animadverss.
1837 2434 1910 2501 in
1949 2429 2324 2502 Danielem
2368 2428 2756 2501 secundum
2797 2426 3039 2523 LXX.
3092 2450 3168 2519 p.
3209 2454 3302 2517 2,
3360 2439 3492 2526 3).
3595 2446 3652 2523 ‚·‚
3710 2436 3886 2512 Du-

1049 2558 1315 2651 plicem
1399 2558 1735 2630 habemus
1797 2554 2022 2622 Ezrae
2075 2557 2519 2641 versionemg,
2590 2552 2821 2620 forsan
2869 2555 2940 2619 in
3000 2551 3288 2622 diversis
3344 2555 3580 2632 Codd.
3654 2568 3874 2641 etiam

1049 2683 1411 2773 duplicem
1475 2680 1642 2748 libri
1698 2676 2069 2769 Judicum,
2142 2684 2336 2745 certe·
2397 2672 2687 2746 Cantici
2744 2672 3109 2747 Habacuci
3170 2675 3352 2748 1112·
3476 2682 3642 2758 vid.
3703 2693 3882 2768 item
3982 2681 3990 2690 ’

1061 2826 1136 2900 p.
1181 2824 1273 2896 32
1329 2822 1403 2874 et
1452 2805 1603 2896 38,
1657 2819 1800 2895 39,
1850 2799 2023 2872 co‘ll.
2075 2821 2149 2893 p.
2198 2823 2292 2895 34
2352 2802 2422 2870 in
2478 2800 2643 2899 fin?-
3045 2812 3052 2819 “

1158 2931 1296 3002 His
1347 2929 1629 3017 relatis,
1680 2925 1987 2998 eruditis·
2032 2928 2427 2999 lectoribus
2482 2931 2844 3018 optionem
2883 2929 3390 3022 relinquimus,
3441 2958 3665 3013 utram
3715 2953 3882 3018 senui

1067 3059 1358 3130 rentiam
1423 3055 1637 3143 sequi,
1678 3049 1959 3122 malint.
2054 3049 2337 3149 Quodsi
2397 3052 2947 3127 Valckenaerius
2999 3057 3072 3127 id
3122 3062 3436 3155 egisset,
3497 3088 3578 3138 ut
3631 3091 3885 3161 poste..

1064 3188 1212 3257 rius
1263 3178 1488 3254 Hodii
1541 3195 2027 3275 argumentum
2083 3179 2369 3274 eadem,
2434 3200 2570 3271 qua
2624 3186 2858 3274 priua,
2924 3185 3341 3258 eruditionis
3398 3193 3616 3283 copia·
3660 3175 3888 3287 atque'

1058 3303 1422 3384 enarrandi
1491 3306 1859 3404 diligentia
1911 3305 2357 3394 confutaret,
2424 3329 2546 3379 res¹
2584 3308 2945 3398 aliquanto
3004 3314 3224 3405 magis
3273 3312 3394 3385 illa
3445 3317 3631 3389 haud
3671 3321 3876 3411 levi,

1067 3453 1270 3530 quam
1327 3440 1705 3507 etiamnum
1769 3434 2026 3523 habet,
2096 3434 2535 3507 dubitatione
2587 3453 2890 3505 careret.
2985 3433 3318 3520 Etenim,
3358 3438 3747 3531 Josephum
3791 3469 3874 3523 ut

1064 3543 1466 3655 mittamus,
1538 3557 1925 3635 Philonem
1974 3582 2196 3636 tamen
2255 3582 2329 3631 et
2381 3561 2726 3629 Aristeam
2785 3579 2993 3629 nemo
3047 3561 3333 3656 negabit
3367 3566 3438 3634 in
3479 3564 3880 3649 Hodianam

1065 3671 1478 3763 sententiam
1535 3693 1769 3780 accipi
1825 3709 2060 3777 posse.
2161 3684 2261 3754 Et
2319 3681 2796 3776 Hieronymus
2852 3706 3091 3777 reapse
3134 3690 3506 3763 verborum
3547 3695 3874 3775 Aristeae

1002 3846 1009 3854 ·
1060 3809 1246 3891 hunc
1310 3838 1582 3888 sensum
1648 3812 1865 3881 fuisse
1923 3811 2243 3901 putavit,
2314 3828 2721 3899 quamquam
2771 3810 3047 3902 J‘udicio
3111 3833 3517 3904 occupato,
3587 3814 3876 3911 fateor,

1065 3963 1103 4014 a
1143 3940 1463 4036 Josepho
1512 3956 1583 4007 et
1626 3933 2000 4009 Rabbinis.
2100 3933 2325 4009 Porro
2388 3937 2542 4026 quis
2592 3936 2897 4029 probet,
2951 3937 3073 4008 illa
3122 3937 3222 4005 ab.
3277 3935 3517 4010 Hodio
3554 3941 3870 4024 adhibita

1064 4087 1106 4136 e
1148 4072 1398 4141 ceteris
1433 4065 1638 4136 libris
1677 4063 1838 4138 loca
1893 4088 1933 4137 a
1981 4066 2281 4156 posteris
2338 4066 2611 4148 omnia,
2682 4080 2763 4130 ut
2822 4059 2979 4132 vult
3037 4060 3419 4144 Valcken.,
3486 4088 3637 4138 esse
3692 4093 3866 4147 con.

1067 4190 1290 4264 ficta?⁴
1401 4193 1500 4267 Et
1563 4214 1779 4284 quum
1839 4212 2078 4265 verum
2136 4213 2337 4264 omne
2399 4191 2529 4264 sua.
2571 4210 2642 4259 se
2707 4188 3154 4281 simplicitate
3213 4192 3695 4267 commendare
3751 4220 3877 4273 so·

1064 4312 1257 4405 leat,
1323 4321 1540 4401 videri
1575 4340 1861 4411 quoque
1920 4322 2142 4412 possit
2199 4319 2411 4392 alicui
2449 4295 2565 4389 liic
2603 4318 2861 4388 nimius
2900 4315 3082 4388 forte
3121 4319 3464 4391 cumulari
3502 4341 3879 4424 arg-nmen.-

1074 4463 1306 4518 torum
1371 4464 1781 4531 apparatus;
1848 4447 1983 4516 nisi
2046 4467 2270 4520 tamen
2323 4449 2394 4518 in
2444 4446 2574 4518 hac
2626 4448 3067 4537 antiquitatis
3117 4451 3680 4528 testimoniorum
3735 4477 3870 4551 pe·
3981 4469 3984 4470 *

1062 4572 1279 4649 nuria
1327 4571 1615 4652 omnino
1677 4569 1916 4645 multis
1974 4574 2322 4667 variisque
2379 4595 2459 4648 ea
2516 4573 2832 4668 quaestio
2879 4593 3064 4652 esset
3108 4576 3451 4676 implicita
3483 4583 3732 4669 nodis,
3782 4599 3870 4653 et:

3665 4697 3866 4806 'dem
