4625 5804
2304 560 2679 663 (2)

1104 755 1793 837 Ecclesiasticorum.
1894 755 2396 831 Difficultatem
2456 776 2728 843 tamen,
2779 776 2858 828 ut
2913 757 3012 828 nil
3080 754 3303 832 dicam
3363 758 3451 830 de
3509 756 3631 850 ea,
3682 782 3894 851 quam

1106 887 1263 972 ipsa
1317 903 1562 973 sponte
1618 885 1831 955 habet
1883 886 2117 956 oratio
2178 881 2895 969 Hebraeo-Graeca,
2945 883 3322 975 eademque
3377 888 3449 956 in
3504 885 3644 956 hoc
3701 883 3900 957 libro

1106 1006 1397 1078 aliarum
1455 1009 1752 1100 partium
1808 1006 1983 1095 alia,
2036 1008 2506 1101 multiplicem
2559 1028 2950 1093 annovam
2999 1006 3375 1082 identidem
3432 1008 3684 1101 adjecit
3728 1030 3898 1099 per·

1098 1152 1313 1222 petua
1373 1111 1749 1205 multorum
1829 1134 2191 1206 hominum
2255 1136 2605 1206 temeritas
2668 1155 2750 1205 ac
2810 1132 3281 1229 negligentia,
3362 1133 3537 1205 hanc
3598 1132 3895 1206 Versio-

1098 1241 1262 1328 hem
1322 1259 1571 1349 multo,
1617 1263 1839 1357 magis
1893 1281 2100 1351 quam
2166 1260 2348 1333 alios
2417 1258 2638 1333 libros
2711 1278 2833 1331 aut
2894 1258 3128 1331 dedita
3184 1281 3395 1352 opera
3444 1258 3532 1329 ad
3584 1258 3898 1331 alienum

1104 1383 1423 1502 Habitu=m
1484 1390 2009 1475 innovantium,
2058 1405 2183 1460 aut
2215 1389 2622 1460 rectissimis
2660 1384 3092 1460 Criticorum
3126 1383 3486 1458 laboribus
3517 1389 3904 1464 contemtis

1097 1524 1306 1597 atque
1344 1510 1520 1583 adeo
1556 1515 1633 1583 in·
1665 1512 1983 1586 damnum
2019 1515 2378 1586 conversis
2409 1514 2923 1604 imperitissime
2963 1510 3510 1604 depravantium.
3580 1510 3680 1582 At
3714 1530 3901 1581 vero

1112 1634 1317 1704 etiam
1363 1636 1481 1705 has
1542 1640 1838 1708 maculas
1893 1639 2169 1708 eluendi
2232 1638 2528 1720 plurima
2581 1658 2656 1697 et
2695 1641 2958 1714 optima
2999 1647 3375 1713 suppetunt
3411 1632 3892 1704 instrumenta.

1098 1752 1187 1825 ln
1255 1762 1407 1838 ipsa
1461 1761 1645 1819 enim
1704 1753 2046 1817 Versione
2122 1747 2282 1815 loca
2359 1743 2610 1814 similia
2681 1764 2884 1835 saepe
2962 1765 3286 1819 mutuum
3344 1749 3478 1818 sibi
3558 1753 3900 1826 auxilium
4015 1798 4024 1808 ν

1098 1850 1463 1965 praebent.
1582 1865 1863 1937 Deinde
1927 1886 2293 1961 supersunt
2358 1867 2707 1959 hodieque
2772 1867 3133 1942 Versionis
3184 1869 3496 1945 Graecae
3557 1875 3883 1968 plurimi,

1102 1999 1182 2071 in
1240 1997 1467 2085 iisque
1525 1990 1937 2083 complures
2007 1996 2169 2065 satis
2238 1996 2558 2085 antiquae
2614 1993 2978 2086 bonaeque
3045 2015 3256 2070 notae
3310 1997 3663 2075 Codices:
3731 2006 3896 2093 qui-

1106 2120 1243 2192 bus
1295 2119 1465 2190 addi
1524 2137 1865 2211 possunt,
1935 2120 1991 2190 si
2061 2121 2216 2209 quis
2272 2123 2374 2191 im
2434 2118 2653 2206 velit,
2724 2122 2983 2214 primae
3037 2119 3426 2192 Editiones.
3539 2124 3910 2196 Habemus-

1102 2248 1273 2317 item
1336 2243 1686 2316 Codicem
1744 2243 2219 2333 Hebraicum,
2268 2244 2357 2316 ad
2418 2264 2628 2336 quem
2675 2244 3016 2335 quidquid
3058 2265 3166 2317 est
3213 2248 3438 2317 variae
3487 2249 3558 2319 in
3615 2246 3902 2322 Codice

1107 2365 1400 2441 Graeco.
1449 2372 1834 2459 scripturae
1901 2375 2244 2461 exigatur.
2344 2370 2624 2440 Adsunt
2663 2373 2870 2435 etiam
2925 2372 2997 2435 hi
3051 2368 3216 2435 libri
3273 2367 3530 2439 Graeci
3584 2373 3657 2440 in
3713 2372 3907 2445 mul-

1106 2510 1210 2564 tas
1263 2492 1432 2564 alias
1479 2492 1751 2588 linguas
1787 2494 2175 2573 antiquitus
2221 2493 2600 2568 conversi,
2652 2491 2991 2554 variarum
3031 2487 3414 2561 lectionum
3473 2511 3679 2565 testes
3734 2515 3896 2589 pera-

1102 2622 1335 2709 petui.
1428 2614 1651 2681 Porro
1712 2606 1874 2677 inde
1914 2628 1954 2676 a
1996 2608 2220 2695 prima
2253 2624 2480 2675 aetate
2520 2603 2892 2698 religionis
2920 2605 3357 2680 Christianae
3406 2617 3610 2686 multi
3651 2618 3902 2712 Scrip-

1114 2756 1313 2808 tores
1362 2731 1669 2813 Graeci,
1708 2727 2033 2815 ·Latini,
2104 2726 2568 2814 Orientales,
2623 2726 2754 2797 hac
2818 2726 3156 2800 Versione
3218 2732 3332 2802 vel
3393 2734 3534 2808 alia*
3602 2761 3693 2811 ex
3757 2744 3902 2819 hae

1112 2860 1312 2933 enata
1373 2859 1531 2942 usi,
1592 2872 1771 2946 quot
1809 2854 1970 2926 loca
2010 2853 2162 2945 ejus
2196 2844 2548 2938 afferunt,
2617 2850 2908 2924 totidem
2959 2858 3350 2931 testimonia
3407 2866 3739 2952 praebent
3785 2890 3903 2944 re-

1116 3002 1371 3075 ceptae
1436 3002 1557 3052 sua
1617 2982 1913 3069 quisque
1974 2994 2195 3048 aetate
2250 2974 2656 3049 eorumdem
2715 2979 3130 3070 scripturae..
3232 2981 3563 3078 Denique
3639 3015 3903 3086 suppe-

1118 3112 1206 3181 t-it
1256 3112 1463 3181 unica
1528 3127 1730 3198 saepe
1782 3107 1931 3176 veri
1989 3105 2384 3196 repertrix,
2455 3101 2591 3176 Ars
2643 3101 3201 3198 Coniecturalis:
3271 3111 3593 3204 adjuncta
3656 3117 3904 3195 Disci-

1115 3215 1311 3328 plina
1342 3215 1776 3306 Criticorum
1834 3229 2333 3316 moderatrice,
2387 3248 2564 3320 quae
2615 3219 2866 3300 hoium
2914 3235 3242 3303 notitiam·
3289 3237 3912 3320 instrumentorum

1116 3359 1367 3444 tradit,
1431 3378 1770 3448 usumque
1833 3360 2047 3431 certis
2100 3358 2493 3449 praeceptis
2547 3354 2770 3447 regit„
2868 3350 3075 3446 Quae
3126 3354 3426 3443 quidem
3468 3367 3700 3436 omnia
3748 3382 3908 3455 stuaj

1086 3484 1310 3561 „dium
1360 3484 1783 3579 usurpandae
1830 3487 1903 3558 in
1973 3483 2081 3555 his
2136 3480 2340 3553 libris
2396 3473 2711 3552 criticae
2761 3494 3184 3569 magnopere
3242 3486 3762 3566 commendant.

1753 3729 1835 3822 s.
1878 3742 1953 3801 2.
2066 3719 2190 3797 De
2239 3736 2662 3818 argumento
2705 3718 3266 3836 Drirputationsr.

1172 3977 1454 4078 'Quare
1510 3994 1726 4070 quum
1802 3972 2303 4068 interpretatio
2372 3970 2642 4047 Graeca
2702 3969 3044 4045 librorum
3114 3970 3390 4049 Veteris
3462 3972 3907 4070 Testamentz

1113 4110 1351 4181 'nostra‘
1389 4124 1614 4180 aetate
1670 4108 1741 4175 in
1792 4099 2148 4176 Britannia
2205 4127 2245 4176 a
2292 4120 2733 4175 Ronznoeo
2784 4122 3326 4193 nonmzsto,
3377 4105 3684 4200 undique
3721 4134 3894 4189 com-

1122 4231 1384 4321 quisito
1426 4236 1530 4303 rei
1604 4233 1780 4304 bene
1836 4228 2187 4324 gerendae
2243 4247 2614 4322 apparatu,
2680 4227 2918 4301 denuo
2963 4229 3077 4302 edi
3129 4233 3490 4324 coeperit,
3559 4239 3892 4328 equidem

1121 4375 1177 4429 ι
1202 4345 1613 4433 'Clarissimo
1661 4352 1989 4434 Doctote
2038 4377 2199 4434 meo
2221 4354 2497 4455 loame-
2546 4355 2892 4437 Voorstio
2930 4356 3368 4455 admonitus,
3430 4362 3562 4444 hac
3598 4362 3894 4444 Editio-

1154 4512 1165 4521 ·
3795 4511 3905 4578 m
