4625 5804
2238 539 2634 655 (46)

1040 728 1428 837 tingensem
1458 714 1603 814 non
1633 734 1779 814 vidi
1800 735 1873 837 ).
1962 733 2316 821 Censoris
2350 740 2670 835 Jenensis
2715 732 3218 847 (Altgemelne
3245 730 3635 817 Literatur
3666 737 3846 821 Zei-

1034 880 1215 961 tung
1268 867 1353 943 A.
1418 865 1604 941 1800
1655 864 1806 940 No.
1845 866 2053 963 186)
2109 867 2266 947 fuit·
2298 872 2468 943 item
2522 891 2655 964 pro
2712 872 2844 943 ista
2894 869 3232 944 brevitate
3266 870 3432 945 satis
3462 891 3837 961 accurata,

1038 990 1128 1062 de
1190 991 1348 1069 solo
1416 1014 1640 1083 tamen
1685 994 2047 1072 Geneseos
2084 997 2321 1088 libro,
2367 998 2651 1079 relatio.
2747 995 2800 1094 (
2819 998 3538 1079 Alteram-censuram
3585 993 3852 1088 Jenen-

1045 1136 1189 1190 sem
1214 1119 1406 1195 Anni
1436 1143 1465 1196 1
1483 1126 1624 1219 803
1648 1146 1797 1205 non
1818 1125 2037 1220 vidi).
2089 1125 2262 1213 Item
2288 1129 2491 1222 plura
2513 1126 2725 1230 refert
2743 1177 2769 1216 ,
2824 1127 2944 1203 sed
2965 1129 3053 1202 de
3068 1126 3613 1205 solo'Geneseos
3631 1120 3854 1213 libro,

1038 1244 1294 1323 relatio
1331 1251 1404 1322 in
1437 1251 1730 1327 Gableri
1763 1253 1983 1339 Novo
2022 1252 2281 1339 Diario
2324 1253 2780 1353 'theologico
2832 1257 2980 1332 Ao,
3017 1259 3225 1331 ‘1800
3271 1276 3344 1347 p.
3391 1250 3652 1343 156-
3681 1270 3854 1345 170·
3937 1324 3944 1335 .

1046 1370 1194 1446 Sed
1237 1381 1684 1483 quoniamfsshi
1729 1401 1991 1463 tantum
2032 1382 2121 1459 de
2154 1387 2268 1473 iis,
2294 1382 2940 1477 ,quae.aaG2nesin
2969 1385 3374 1474 pertinent,
3416 1377 3857 1466 retulerunt,

1041 1502 1280 1575 malim
1320 1507 1470 1579 hoc
1508 1508 1678 1581 loco
1711 1509 2096 1596 nonnulla,
2140 1508 2320 1601 quae
2361 1514 2513 1604 ipse
2551 1509 2913 1587 tractando
2941 1506 3137 1581 libro
3176 1509 3527 1596 cognovi,
3567 1503 3866 1601 referre..
3962 1512 3975 1533 ‘

1136 1627 1313 1705 Post
1365 1637 1648 1715 nomina
1705 1632 2091 1707 Fautoru‘m
2148 1641 2453 1721 primum
2511 1638 2755 1699 locum
2799 1643 3123 1714 ⁴occupat
3177 1621 3526 1696 Praefatio
3562 1626 3652 1697 ad
3707 1627 3865 1701 Ge·

1032 1760 1238 1830 nesin
1280 1779 1329 1846 5
1370 1762 1821 1845 paginarum,
1887 1750 2095 1841 cujus
2146 1752 2294 1823 hoc
2347 1770 2454 1823 est
2481 1754 2834 1823 initiuma
2900 1797 2958 1836 „
3001 1746 3438 1841 Imprimitur
3486 1756 3614 1844 per
3673 1753 3860 1828 hunc

1044 1876 1304 1961 librum
1366 1895 1439 1945 et
1498 1896 1627 1966 per
1685 1873 1863 1948 alios
1911 1888 2168 1951 omnes
2226 1871 2664 1970 imprimetur
2739 1877 3013 1950 Textu's
3084 1875 3404 1977 Graecus
3475 1881 3863 1959 secundum

1048 2003 1248 2085 Edit.
1303 2002 1760 2091 vaticanam,
1829 2006 1904 2077 in
1962 2002 2192 2093 folin,
2274 2006 2510 2102 1587,
2560 2007 2822 2097 absque
2881 2003 3027 2077 ulla
3089 2003 3420 2077 consulto
3477 2004 3664 2079 facta
3695 2013 3863 2082 ..sive

1044 2104 1252 2207 vocis
1296 2134 1440 2203 sive
1497 2128 1739 2204 literae
1789 2136 2224 2221 mutatione,
2254 2192 2257 2195 .
2292 2136 2428 2204 nisi
2488 2136 2560 2206 in
2618 2131 2998 2212 manifestis
3053 2130 3621 2224 Typothetarum
3668 2140 3866 2208 ότι-ο·
3909 2224 3914 2227 .

1044 2259 1279 2349 ribus,
1340 2279 1639 2348 quorum
1696 2259 2077 2352 plerosque
2133 2280 2206 2332 et
2268 2264 2404 2353 ipsi
2464 2259 2801 2332 Editor-es
2857 2260 3182 2330 Vaticani
3223 2240 3496 2329 calamo
3537 2277 3668 2329 suo
3708 2280 3870 2345 cor.

1048 2402 1426 2477 rexerunt,
1504 2400 1577 2459 et
1630 2383 1717 2458 ad
1776 2388 1948 2459 imas
2008 2389 2298 2481 paginas
2369 2384 2797 2461 admonetur
2858 2378 2945 2455 de
3014 2385 3527 2457 mutationibus
3587 2385 3718 2459 hac
3783 2386 3867 2459 de

1047 2534 1286 2595 caussa
1344 2510 1727 2587 inductis.”
1827 2511 2241 2600 Sequuntur
2299 2509 2661 2601 Excerpta
2726 2507 3061 2599 quaedam
3129 2511 3218 2581 ex
3264 2513 3406 2597 iis,
3483 2532 3666 2601 quae
3727 2511 3868 2585 Va*-

1057 2643 1267 2712 ticani
1319 2638 1658 2707 Editor-es
1710 2634 1796 2706 de
1852 2634 2130 2707 Codice
2191 2634 2671 2726 Editioneque
2720 2654 2840 2706 sua
2881 2631 3174 2725 praefati
3219 2654 3402 2705 sunt.
3457 2718 3464 2723 ‚
3505 2634 3669 2726 §.11
3720 2662 3872 2711 mo-

1057 2785 1178 2833 net
1218 2762 1522 2848 Editor,
1574 2759 1889 2837 Codices
1932 2760 2402 2850 UncialibuS,
2456 2785 2629 2854 quas
2664 2780 2963 2846 vocant,
3018 2760 3244 2832 literis
3278 2764 3580 2853 scriptos
3613 2764 3881 2862 signifi.

1060 2894 1200 2960 cari
1267 2912 1390 2978 per
1447 2910 1898 2958 numerorum
1966 2892 2161 2981 signa
2223 2886 2543 2958 Romana
2581 2888 2658 2971 Ι,
2717 2886 2826 2971 ΙΙ,
2896 2902 3079 2971 cet.;
3149 2860 3465 2962 Codices
3523 2892 3745 2963 literis
3791 2892 3878 2964 li-

1060 3017 1242 3110 gatis
1304 3013 1608 3111 scriptos
1674 3027 1811 3103 per‘
1855 3014 2073 3107 signa·
2107 3009 2412 3084 Arabica
2463 3032 2492 3083 1
2524 3062 2551 3099 ,
2606 3029 2696 3098 α,
2751 3030 2946 3098 cet«;
3003 3031 3221 3103 porro
3269 3013 3356 3083 de
3399 3017 3693 3112 singulis
3732 3017 3882 3091 Ge-

1057 3157 1321 3213 neseos*
1367 3138 1771 3211 Codicibus
1824 3157 2115 3225 monet,
2191 3156 2525 3228 quaenam
2591 3137 2846 3231 Capita
2893 3156 3013 3210 aut
3062 3140 3393 3211 versiculi
3436 3145 3509 3212 in
3550 3165 3883 3241 unoquo-

1058 3281 1200 3361 que
1248 3259 1498 3341 desint.
1600 3263 2032 3356 Complures
2071 3249 2304 3355 aliqua
2351 3284 2548 3356 parte
2581 3284 2740 3336 sunt
2788 3262 3048 3337 mutili.
3154 3262 3335 3336 Sunt
3371 3286 3604 3341 autem
3638 3269 3876 3349 Codd.

1058 3401 1139 3468 in
1186 3391 1736 3468 Genesicollati
1764 3399 1915 3485 ‘555
1975 3389 2179 3484 §0111
2216 3397 2572 3466 'enumerat
2611 3390 2989 3462 Editiones
3027 3389 3407 3480 principes,
3478 3391 3523 3482 S
3569 3395 3669 3466 IV
3711 3373 3882 3473 enui-

1068 3541 1291 3592 merat
1344 3519 1717 3591 Editiones
1776 3517 2231 3612 Scriptorum
2301 3518 2790 3599 Graecorum,
2844 3536 2883 3582 e
2925 3515 3181 3603 quibus
3227 3517 3697 3599 variae-lectt.
3750 3519 3882 3603 noi

1066 3637 1323 3732 tantur,
1423 3648 1468 3738 §
1516 3645 1582 3716 V
1620 3665 1975 3716 enumerat
2034 3663 2125 3711 ex
2182 3639 2462 3712 Graeca
2515 3637 2735 3711 factas
2786 3645 3144 3714 versiones
3180 3619 3339 3731 eas',
3394 3617 3882 3737 quarum—lec.

1062 3778 1293 3848 tiones
1352 3778 1422 3845 in
1480 3775 1621 3843 hoc
1684 3770 1875 3838 libro
1924 3747 2205 3838 notatae
2244 3783 2432 3837 suna·
2530 3763 2668 3839 Pro
2722 3789 2903 3866 vago
2944 3745 3228 3864 Veteris
3262 3743 3553 3841 Latinae
3590 3779 3877 3854 nomine

1063 3922 1253 3975 recte
1316 3902 1452 3991 ipsi
1517 3896 1759 3969 Patres
1817 3893 2052 3968 Latini
2108 3897 2520 3967 nominatim
2574 3898 2899 3968 citantur.
3007 3875 3148 3964 s'ed
3212 3894 3298 3966 de
3355 3894 3588 3973 Codd.
3643 3903 3873 3983 Editt.

1065 4024 1317 4100 verss..
1350 4047 1482 4098 nos
1534 4022 1737 4117 plura
1799 4022 2115 4097 dicemus
2172 4020 2352 4095 infra
2408 4023 2453 4114 S
2494 4043 2587 4097 22
2647 4043 2798 4112 sqq.
2850 4060 2953 4074 -
3003 4019 3334 4115 Denique
3400 4028 3592 4122 signa
3644 4028 3878 4104 decla-

1069 4168 1217 4236 rat,
1258 4157 1513 4240 quibus
1544 4150 1949 4244 ‚compendii
1990 4174 2229 4226 caussa
2266 4173 2434 4224 usus
2472 4169 2576 4223 est
2609 4149 2695 4223 ad
2733 4147 3175 4237 additiones,
3229 4154 3685 4244 omissi-ones,
3729 4137 3878 4255 ceti

1082 4273 1499 4352 indicandas.
1600 4279 1757 4366 Nos
1796 4282 2073 4370 aurem,
2116 4298 2213 4354 ut
2260 4280 2608 4354 lectorum
2674 4278 3057 4351 commodo
3101 4279 3671 4375 consuleremus,
3724 4300 3878 4363 eam
3958 4336 3975 4345 ·

1069 4403 1408 4512 rationem
1485 4403 1967 4506 deseruimus»,
2025 4414 2277 4503 magno
2351 4410 2548 4502 operi
2615 4399 3082 4481 Holmesiano'
3131 4427 3321 4481 recte
3373 4403 3778 4493 adhibitam,

1170 4525 1445 4605 Nescio
1502 4547 1585 4599 an
1648 4516 2046 4636 bihlidpegi
2109 4526 2323 4632 opera
2385 4535 2647 4628 factum
2707 4539 2843 4624 sit,
2918 4555 3083 4628 ut,
3120 4537 3509 4636 interjectis
3575 4513 3875 4620 aliorum

1288 4681 1297 4688 “
1528 4675 1531 4678 ’
3688 4671 3746 4744 F
3751 4696 3873 4747 au·
