4625 5804
2160 495 2548 594 (¹0)

937 722 1094 798 pag.
1143 701 1285 795 481
1368 694 1565 791 (ο).
1654 694 1941 770 *Horum
2017 716 2296 786 autem,
2386 715 2459 767 et
2534 697 2654 786 qui
2732 715 2978 789 postea
3037 714 3489 768 accesserunt
3549 696 3751 772 Sem·

945 828 1118 915 leri,
1205 821 1639 919 Reinhardi,
1730 824 2209 913 Eichhornii,
2296 825 2736 917 aliorumque
2821 827 3241 911 sententias,
3314 824 3766 916 probatiores

943 952 1274 1045 quidem,
1325 954 1396 1023 in
1455 973 1788 1026 summam
1847 954 2098 1027 relatas
2156 952 2516 1053 eleganter
2573 951 3069 1048 explicuerunt
3121 950 3378 1025 Morus
3420 972 3491 1023 et
3533 930 3760 1025 Eichss

948 1080 1248 1152 staedius
1308 1082 1382 1152 in
1439 1080 1880 1154 Acroasibus
1940 1083 2112 1157 Vol.
2157 1081 2246 1158 ΙΙ.
2320 1105 2395 1177 p.
2430 1083 2781 1178 50—62.
2887 1083 2991 1155 At
3045 1102 3215 1153 vero
3269 1084 3465 1165 ¹inter
3521 1100 3772 1161 omnes

944 1204 1032 1279 de
1109 1207 1249 1282 hoc
1336 1229 1750 1305 argumento
1834 1229 2161 1286 auctores
2240 1210 2469 1286 adhuc
2555 1234 2699 1285 non
2775 1209 2982 1283 facile
3067 1212 3428 1300 quisquam
3511 1207 3762 1299 majori
3870 1274 3877 1301 ,

947 1351 1110 1407 cum
1171 1334 1536 1434 diligentia
1602 1341 1969 1434 omnisque
2028 1342 2393 1415 doctrinae
2455 1358 2789 1434 apparatu
2857 1341 3250 1411 universam
3310 1336 3520 1431 hujus
3582 1332 3764 1407 Ver-

944 1461 1159 1539 sionis
1208 1462 1593 1538 Historiam
1679 1486 2007 1541 tractasse
2080 1469 2470 1561 reperiatur
2493 1517 2518 1550 ,
2604 1487 2811 1559 quam
2862 1470 3150 1537 ineunte
3203 1446 3561 1557 *superiori
3616 1481 3766 1532 sae·

934 1586 1105 1668 culo
1181 1588 1411 1669 dedita
1489 1594 1702 1684 opera
1765 1593 1841 1664 id
1900 1596 2051 1686 egit
2110 1591 2550 1666 Humfredus
2631 1589 2958 1695 Hodius,
3049 1589 3442 1653 Britannus,
3587 1579 3767 1676 Quo

945 1710 1206 1783 factum
1262 1738 1419 1799 est,
1479 1734 1561 1780 ut
1629 1732 1788 1779 cum
1850 1713 2174 1776 universa
2237 1707 2623 1796 disputatio
2685 1707 2883 1799 eju5‚
2959 1724 3105 1775 tum
3159 1704 3321 1778 loca
3372 1706 3492 1779 illa
3539 1708 3765 1799 inpri-

942 1834 1077 1907 mis
1138 1853 1181 1901 a
1239 1831 1546 1922 posteris
1628 1827 1962 1923 deinceps
2040 1830 2552 1925 probarentur,
2630 1835 2891 1926 quibus
2962 1832 3371 1922 contendit,
3443 1836 3760 1907 Aristeae

945 1958 1208 2037 librum
1265 1977 1414 2030 esse
1468 1958 1830 2050 spurium,
1882 1976 1952 2030 et
2011 1961 2449 2033 narrationes
2500 1958 2748 2051 falsas,
2802 1959 3077 2056 (cujus
3126 1964 3230 2033 rei
3288 1966 3764 2056 suspicionem

942 2084 1085 2179 jam
1138 2103 1342 2157 antea
1404 2103 1769 2190 moverant
1843 2084 2025 2184 (p)
2099 2108 2260 2160 cum
2307 2088 2479 2174 alii,
2557 2108 2707 2161 tum
2759 2086 2911 2182 Jos.
2976 2085 3405 2188 Scaliger);
3478 2088 3764 2159 Aristo-

946 2210 1102 2283 buli
1153 2213 1367 2301 item,
1406 2231 1739 2305 1quorum
1792 2209 2181 2309 fragmenta
2221 2233 2538 2306 exstant,
2611 2216 3177 2289 Commentarios
3227 2214 3431 2287 Saec.
3472 2212 3538 2283 II
3593 2214 3761 2286 huic

940 2336 1213 2407 nomini
1269 2354 1418 2435 esse
1463 2336 1907 2432 suppositos3
1979 2361 2122 2408 non
2182 2338 2437 2410 factam
2501 2360 2648 2411 esse
2709 2343 3057 2412 librorum
3118 2338 3489 2410 Sacrorum
3540 2341 3756 2412 inter-

948 2464 1417 2555 pretationem
1494 2459 1884 2534 Ptolemaei
1955 2463 2205 2549 jussu,
2273 2483 2349 2526 et
2405 2463 2758 2530 Demetrii
2811 2464 3130 2537 Phalerei
3196 2483 3442 2550 suasu,
3517 2482 3596 2534 ut
3649 2485 3761 2536 re·

938 2606 1323 2683 poneretur
1376 2590 1452 2653 in
1521 2562 1753 2675 Regia
1816 2579 2321 2667 Bibliotheca,
2419 2580 2542 2649 sed
2602 2581 2698 2681 'ab
2776 2579 3270 2652 Alexandrinis
3343 2586 3786 2671 quibusdam

937 2709 1272 2806 Judaeis,
1341 2702 1459 2775 vel
1525 2722 1775 2798 sponte
1828 2706 1996 2799 sua,
2063 2705 2181 2779 vel
2244 2709 2556 2800 ipsorum
2621 2705 2946 2797 Synedrii
3011 2704 3204 2798 jussu
3233 2755 3261 2797 ‚
3330 2707 3402 2776 in
3463 2709 3754 2804 gratiam

943 2832 1399 2930 popularium
1438 2832 1571 2906 ibi
1628 2831 2080 2931 degentium,
2130 2853 2214 2905 ut
2254 2837 2328 2907 in
2391 2834 2788 2931 Synagogis
2837 2832 3179 2905 lectiones
3218 2854 3258 2905 e
3302 2836 3514 2910 sacris
3561 2834 3766 2908 libris

945 2959 1371 3047 haberentur
1447 2958 1529 3030 ea
1601 2955 1842 3055 lingua
1880 3008 1903 3046 ,
2001 2980 2211 3051 quam
2291 2979 2534 3032 omnes
2609 2958 3131 3057 intelligerent;
3236 2959 3534 3051 denique
3610 2983 3754 3033 non

948 3107 1192 3163 omnes
1246 3085 1598 3158 continuo
1651 3083 1875 3161 libros
1936 3088 2185 3175 simul,
2255 3087 2378 3160 sed
2426 3087 2795 3162 Mosaicos
2846 3090 3077 3181 primo
3133 3108 3514 3161 conversos
3554 3109 3755 3194 esse,

942 3191 1186 3310 postea
1242 3211 1675 3305 reliquorum
1738 3216 2055 3315 singulos
2113 3215 2448 3310 deinceps
2505 3214 2800 3288 additos.

990 3423 995 3430 .
1045 3339 1269 3437 Quod
1322 3337 1408 3408 ad
1471 3357 1900 3430 postremum
1953 3347 2242 3431 attinet,
2311 3357 2385 3414 et
2445 3361 2605 3413 sunt
2666 3361 2827 3413 cum
2890 3361 2978 3412 eo
3049 3359 3281 3411 cetera
3352 3341 3534 3410 satis>
3577 3361 3752 3410 con-

944 3464 1235 3566 juncta,
1314 3467 1736 3564 scriptores,
1810 3474 1932 3561 qui
2015 3470 2335 3562 reliquos
2399 3464 2649 3535 eodem
2709 3482 3025 3550 tempore
3081 3485 3162 3534 ac
3221 3460 3591 3533 Mosaicos
3661 3463 3752 3533 li·

944 3592 1113 3692 bros
1195 3590 1468 3665 Graece
1547 3591 1855 3666 redditos
1923 3619 2069 3665 esse
2122 3607 2581 3688 statuerunt,
2674 3606 3033 3660 enumerat
3109 3587 3399 3660 Hodius.
3452 3591 3520 3656 in
3579 3608 3750 3662 nota

940 3717 1028 3798 ad
1099 3741 1171 3811 p.
1230 3737 1419 3814 159,
1513 3741 1721 3807 atque
1808 3717 2007 3788 alibi.
2110 3713 2284 3813 Qui
2350 3732 2582 3787 autem
2664 3713 2990 3806 majorem
3059 3712 3542 3784 Pentateucho
3626 3735 3747 3780 ve·

946 3862 1262 3916 tustatem
1342 3842 1792 3932 tribuerunt,
1891 3864 2016 3914 eos
2072 3863 2326 3940 magno
2385 3860 2680 3913 numero
2746 3861 2966 3926 usque
3036 3839 3123 3905 ad
3204 3856 3390 3905 suam
3448 3853 3746 3928 uterque

937 3986 1226 4054 aetatem
1312 3974 1747 4044 enumeravit
1828 3969 2106 4045 Hodius
2182 3993 2260 4065 p.
2322 3987 2504 4064 159,
2591 3983 2665 4034 et
2749 3961 3189 4055 Carpzovius
3261 3961 3342 4033 'in
3420 3960 3603 4044 Crit·
3649 3963 3739 4046 ,S-

3581 4109 3746 4185 pag·

1028 4283 1067 4374 ’(
1087 4284 1176 4371 o)
1219 4286 1352 4356 Alii
1382 4309 1643 4375 quoque
1672 4310 1786 4360 eos
1820 4305 2303 4367 recensuerunt.
2358 4285 2477 4361 cf.
2541 4302 2710 4356 nova
2743 4282 2946 4354 editio
2975 4283 3250 4356 Fabricii
3296 4284 3345 4352 1.
3384 4304 3455 4359 e.
3506 4304 3573 4370 p·
3607 4285 3738 4371 658

934 4409 1367 4594 wazuh&
1409 4497 1668 4574 Fabric.
1709 4502 1760 4572 1.
1794 4519 1858 4570 c.
1902 4520 1974 4587 p.
2004 4502 2159 4589 6⁶5·
