4625 5804
838 804 1008 882 satis
1062 795 1466 895 ¹habitetur,
1555 806 1612 880 si
1686 800 2109 879 Versionum
2190 800 2700 899 Hexaplarium
2781 798 3111 877 historias
3180 803 3270 875 ab
3348 798 3659 906 Origene

828 932 1265 1027 amplissimo
1360 934 1583 1029 Operi
1686 936 2095 1028 praemissas
2186 931 2416 1006 adhue
2513 932 2943 1005 haberemus,
3059 931 3302 1023 'Atque
3387 934 3653 1008 etiamsi

844 1057 1032 1134 forte
1099 1083 1186 1135 ne
1260 1085 1389 1158 per
1450 1063 1605 1136 illas
1690 1061 1975 1155 quidem
2030 1062 2374 1139 'tenebrae
2460 1082 2699 1135 omnes
2773 1058 3348 1155 dispellerentur,
3427 1077 3650 1131 tamen

838 1183 1219 1260 dolendum
1283 1212 1436 1281 est,
1501 1188 1670 1262 illos
1722 1190 2249 1283 qualescunque
2326 1189 2892 1265 Commentarios
2975 1186 3444 1293 Origenianos
3509 1207 3655 1260 non

836 1328 1048 1405 posse
1120 1315 1426 1392 conferri
1507 1340 1669 1392 cum
1726 1319 1839 1391 his
1901 1320 2267 1406 Aristeae,
2340 1316 2794 1403 Aristobuli,
2869 1312 3222 1401 Philonis,
3294 1313 3648 1408 Josephi,

830 1458 1042 1531 atque
1121 1441 1488 1519 Ecclesiae
1568 1444 1853 1519 Patrum
1924 1444 2270 1519 fabulosis
2360 1445 2775 1538 plerumque
2855 1445 3075 1538 magis
3170 1463 3373 1534 quam
3463 1441 3651 1512 veris

829 1573 1391 1652 narrationibus,
1480 1572 1742 1659 quibus
1816 1590 2002 1644 nunc
2078 1574 2289 1666 hujus
2341 1575 2536 1660 quasi
2599 1568 3025 1640 incunabula
3077 1566 3449 1640 Versionis
3512 1566 3651 1636 ob-

834 1706 1106 1763 scurata
1161 1689 1424 1782 jacent.
1537 1688 1780 1777 Itaque
1847 1693 2343 1759 deficientibus
2400 1695 2848 1761 historiarum
2905 1696 3419 1777 monumentiS,
3494 1709 3647 1761 ten·-

837 1834 1070 1888 tarunt
1151 1813 1314 1889 inde
1395 1814 1482 1886 ab
1534 1815 1951 1908 ⁴instauratis
2025 1812 2485 1903 Antiquitatis
2561 1808 2812 1880 Sacrae
2887 1812 3135 1879 studiis
3206 1819 3343 1881 viri
3407 1816 3649 1885 claris-

837 1944 1040 2027 simi,
1133 1945 1189 2011 si
1258 1939 1429 2031 quid
1499 1938 1683 2011 forte
1754 1938 2099 2010 lectionis¹
2157 1935 2570 2033 diligentia,
2644 1952 2717 2039 et
2790 1934 3354 2029 conjecturarum
3419 1935 3650 2011 felici·

840 2087 979 2139 tate
1039 2070 1425 2160 reperirent
1482 2064 1567 2137 ad
1627 2087 1741 2138 res
1801 2050 1965 2138 vere
2020 2083 2285 2163 gestas,
2324 2083 2628 2155 quarum
2692 2059 2964 2154 aliquid
3016 2082 3207 2135 certe
3262 2063 3393 2136 sub
3452 2044 3652 2137 fabu4

834 2193 1058 2289 larum
1137 2192 1513 2266 involucro
1595 2192 1889 2281 lateret,
1961 2189 2447 2265 enucleandas.
2590 2186 2757 2286 Qua
2844 2188 3124 2282 quidem
3206 2194 3650 2288 ingeniorum

831 2319 1361 2401 studiorumque
1422 2323 1873 2391 contentione
1935 2319 2118 2388 illud
2180 2313 2619 2400 effecerunt,
2684 2335 2815 2401 ut,
2889 2321 3314 2410 argumentis
3363 2323 3440 2387 in
3493 2338 3650 2390 om-

828 2462 991 2513 nem
1069 2452 1336 2529 partem
1408 2440 1737 2522 versatis,
1824 2455 1969 2525 quo
2034 2453 2354 2525 quaeque
2419 2439 2759 2525 sententia
2829 2434 3281 2511 fundamento
3327 2436 3654 2528 nitatur,

840 2568 980 2661 jam
1047 2567 1206 2636 satis
1266 2580 1635 2653 appareat,
1714 2561 2149 2647 habeantque
2209 2560 2523 2656 posteri,
2601 2555 2797 2643 quod
2842 2557 3022 2628 bene
3082 2581 3407 2651 sperent,
3458 2564 3646 2637 haud

830 2678 1029 2766 certe
1108 2689 1519 2782 desperent,
1595 2685 1799 2774 fore,
1871 2703 1951 2756 ut
2010 2685 2259 2757 sensim
2331 2682 2717 2773 sensimque
2784 2698 3133 2773 tamquam
3182 2662 3271 2754 ad
3327 2685 3648 2782 fontem,

825 2819 1265 2916 expurgatis.
1308 2798 1611 2901 fabuliS,
1681 2810 1769 2887 ad
1839 2815 1940 2887 rei
2010 2831 2243 2912 gestae
2324 2809 2532 2882 fidem
2602 2809 2737 2881 nisi
2816 2805 3088 2881 tandem
3143 2817 3674 2910 perveniatur,

831 2967 905 3019 at
961 2964 1153 3019 certe
1211 2923 1439 3016 multo
1502 2946 1796 3038 propius
1850 2940 2246 3017 accedatur.
2350 2937 2611 3032 Neque
2676 2945 2902 3009 tamen
2957 2941 3198 3035 exigui
3257 2962 3638 3037 supersunt

829 3073 1161 3165 labores,
1222 3053 1593 3164 antequam
1648 3071 1985 3169 singulis,
2038 3090 2110 3142 et
2166 3088 2344 3160 quae
2395 3086 2582 3140 nunc
2638 3063 3060 3153 afferuntur,
3114 3087 3186 3138 et
3241 3085 3419 3161 quae
3478 3095 3645 3165 por-

830 3222 917 3273 ro
984 3198 1211 3270 afferri
1293 3200 1601 3286 debent,
1695 3202 1827 3272 rite
1910 3198 2310 3289 ponderatis
2391 3197 2865 3292 argumentiS,
2956 3215 3155 3267 certo
3228 3201 3641 3288 evincatur,

829 3346 974 3415 qua
1047 3319 1320 3391 tandem
1400 3323 1820 3405 occasione,
1893 3343 2038 3408 quo
2105 3338 2430 3411 tempore
2491 3317 2891 3412 modoque,
2957 3343 2997 3393 a
3060 3341 3235 3412 quot
3289 3322 3652 3420 Interprec

834 3446 1023 3522 tibus
1083 3448 1248 3519 libri
1302 3447 1521 3531 sacri,
1594 3446 1921 3537 privatim
1984 3463 2070 3516 an
2110 3441 2467 3538 publice,
2533 3468 2653 3519 aut
2714 3452 2955 3523 cuncti
3013 3451 3261 3539 simul,
3313 3472 3436 3525 aut
3494 3456 3635 3524 sin·

826 3576 984 3675 guli
1062 3573 1392 3664 deinceps
1465 3570 1748 3645 Graece
1831 3568 2086 3645 redditi
2173 3574 2359 3656 sint,
2450 3590 2832 3665 posteaque
2895 3596 3028 3647 aut
3099 3578 3444 3667 mutilati,
3504 3599 3627 3652 aut

828 3677 1262 3793 interpolati.
1381 3695 1486 3770 Et
1554 3701 1689 3772 alia
1763 3699 2011 3772 addere
2086 3714 2505 3791 possumus,
2592 3698 2677 3768 de
2758 3696 3018 3786 quibus
3086 3702 3322 3773 eadem
3405 3703 3668 3775 adhuc·

825 3837 937 3902 es't
989 3825 1361 3897 dubitatio.
1469 3822 1647 3894 Sunt
1698 3826 1865 3892 item
1918 3824 2256 3896 nonnulla
2301 3827 2442 3920 jam
2508 3828 2673 3897 satis
2722 3823 3132 3916 explorata,
3183 3824 3453 3912 veluti,
3507 3849 3672 3898 an-·-·

835 3975 905 4028 te
970 3950 1450 4024 Ptolemaeum
1534 3944 1753 4044 Lagi,
1793 3946 1883 4019 F.
1929 3945 2191 4019 nullam
2248 3948 2463 4024 fuisse
2524 3949 2925 4046 hujusmodi
2981 3953 3423 4038 versionem;
3499 3952 3645 4027 hoe

832 4097 1166 4180 regnante
1238 4097 1358 4148 aut
1439 4065 1955 4167 Philadelpho,
2045 4069 2247 4147 Saec.
2315 4098 2475 4150 ante
2558 4079 2735 4152 Chr.
2795 4059 2943 4168 111,
3027 4082 3173 4150 nisi'
3238 4083 3494 4150 omnes'
3541 4074 3644 4152 li-

833 4212 1048 4296 bros,
1128 4225 1196 4278 at
1259 4222 1451 4278 certe
1507 4200 1877 4306 Mosaicos
1939 4198 2209 4273 Graece
2284 4201 2481 4273 reddi
2550 4208 2924 4304 coepisse3
2996 4206 3304 4274 omnium
3366 4210 3639 4281 versio·

827 4356 993 4405 nem
1047 4332 1513 4407 Alexandriae
1567 4350 1803 4403 ortum
1867 4328 2175 4415 debere;
2240 4325 2548 4399 -aliorum
2617 4346 2872 4424 tamen*
2903 4326 3081 4401 alios
3136 4325 3350 4400 fuisse
3398 4330 3625 4406 Inter-

825 4477 1083 4552 pretes.
1187 4457 1337 4555 Qui
1394 4461 1565 4531 haec
1640 4454 2029 4546 similiaque
2115 4471 2542 4540 tractarunt,
2632 4455 3008 4546 scriptores
3052 4439 3289 4550 ‘longo
3355 4463 3634 4555 agmine

829 4565 1146 4660 recenset
1216 4583 1575 4675 Carpzov.
1648 4588 1720 4656 in
1783 4557 1965 4655 Crit.
2038 4579 2248 4656 Sacra
2331 4577 2515 4654 Part.
2558 4576 2649 4652 Π.
2722 4577 2907 4675 Cap.
2950 4577 3048 4653 11.
3118 4582 3193 4673 S.
3237 4585 3396 4656 1‘in
3451 4582 3622 4650 nota

2340 4706 2398 4778 B
2583 4775 2592 4784 .
3460 4723 3625 4800 pag.
