4625 5804
1977 524 2408 632 (¹13)

767 757 1051 847 potest,
1107 755 1268 807 eum
1295 733 1536 815 multo
1572 735 1800 806 minus
1826 733 2252 825 suspicatum
2292 747 2467 803 esse.
2518 724 2773 821 Neque
2814 726 2991 800 adeo
3025 725 3201 812 illud
3240 729 3438 822 egit,
3479 744 3565 796 ut

769 871 974 940 talem
1029 862 1391 937 versionis
1448 861 1856 938 Editionem
1900 859 2254 949 efficeret,
2311 879 2489 952 quae
2523 859 2820 950 primam
2873 854 3289 946 scripturam
3346 843 3561 925 refer·

764 1011 919 1094 ret,
971 995 1178 1064 etiam
1237 991 1465 1068 sicubi
1517 989 1702 1064 forte
1750 991 1836 1062 ab
1898 993 2066 1083 ipsis
2126 986 2446 1081 Interpp.
2513 1001 2889 1079 peccatum
2948 998 3177 1067 esset,
3232 979 3353 1051 cui
3409 980 3585 1078 qui-

764 1121 922 1194 dem
973 1122 1356 1212 suspicioni
1417 1117 1826 1214 pervulgata
1895 1114 2371 1195 θεοπνευστίας
2423 1116 2668 1207 opinio
2723 1108 3091 1183 obstabat.
3158 1103 3280 1177 sed
3335 1123 3417 1177 ut
3470 1091 3589 1196 ta(

761 1248 951 1338 lem,
1023 1247 1248 1340 qualis
1300 1248 1388 1319 ab
1453 1249 1626 1341 ipsis
1684 1246 2093 1318 auctoribus
2150 1241 2512 1336 proficisci
2572 1240 2976 1323 debuisset,
3048 1231 3124 1306 id
3178 1253 3333 1320 est,
3374 1207 3589 1326 quaes

758 1373 1153 1482 Hebraicae
1207 1379 1591 1472 scripturae
1627 1392 1872 1449 exacte
1910 1371 2387 1469 responderet.
2491 1368 2686 1442 Vere
2740 1366 3023 1458 scripsit
3071 1345 3599 1452 Eichstaedius‘„

759 1503 931 1577 Vol·
974 1504 1044 1575 II
1094 1526 1396 1608 p.104.
1421 1603 1426 1612 ff
1475 1556 1530 1595 „
1588 1524 1723 1577 tarn
1768 1503 1983 1601 longe
2022 1503 2146 1578 ille
2182 1497 2364 1571 afuit
2406 1497 2493 1568 ab
2531 1496 2661 1567 hac
2707 1495 3125 1582 severitate,
3176 1511 3314 1582 qua
3356 1483 3595 1598 bodies·

758 1650 1134 1724 cavemus,
1185 1654 1273 1700 ne
1330 1633 1504 1715 quid
1557 1632 1751 1704 aliud
1811 1654 2015 1722 quam
2074 1631 2161 1702 ab
2207 1631 2377 1721 ipsis
2419 1609 2827 1696 auctoribus
2874 1621 3218 1714 scriptum
3283 1613 3573 1687 induca-

761 1773 919 1838 tur,
965 1768 1049 1822 ut
1087 1749 1316 1823 omnis
1353 1745 1507 1837 ejus
1544 1745 1687 1813 Sive
1722 1765 1829 1814 ars
1873 1753 2022 1812 sive
2063 1769 2237 1809 cura
2281 1750 2849 1827 proficisceretur
2889 1749 3132 1834 potius
3171 1767 3211 1813 a
3250 1736 3576 1812 Theolo-

741 1882 930 1976 .gico
994 1894 1199 1963 quam
1270 1872 1553 1950 Critico
1613 1870 1852 1942 studio
1890 1918 1915 1953 ,
1985 1864 2167 1951 vel,
2240 1881 2324 1933 ut
2386 1865 2479 1931 ita
2545 1860 2770 1932 dicam
2813 1910 2837 1944 ,
2905 1882 2944 1931 a
3004 1855 3285 1928 Biblica
3358 1863 3579 1953 magis

766 2022 970 2110 quam
1033 1996 1522 2091 Diplomatica
1569 1993 1703 2063 fide
1739 1989 2113 2084 penderet.
2121 1987 2167 2012 ’⁹
2272 1984 2522 2073 Itaque
2559 1986 2683 2055 ille
2728 1988 3016 2055 omnino
3070 1987 3578 2056 convenienter

763 2134 913 2230 egit
970 2129 1177 2201 aetati
1225 2146 1436 2210 suae,
1492 2141 1669 2211 quae
1729 2122 1785 2189 si
1831 2121 2059 2190 caruit
2100 2113 2218 2186 illa
2274 2112 2512 2183 nostra
2570 2109 2830 2186 dudum
2878 2110 3161 2181 exculta
3225 2135 3306 2183 ac
3350 2131 3591 2238 prope

764 2257 1079 2353 perfecta
1138 2252 1416 2326 Critica
1473 2248 1735 2332 Sacra,
1786 2249 2038 2316 vitium
2099 2240 2580 2331 temporibuS,
2650 2258 2791 2308 non
2853 2235 3169 2321 homini,
3224 2239 3577 2326 imputan-

695 2475 702 2478 ,
766 2385 932 2458 dum
973 2377 1533 2472 est.1.demque
1584 2373 1906 2445 Editioni
1961 2389 2131 2440 suae
2192 2384 2489 2437 tantam.
2507 2383 2669 2434 cum
2738 2358 3181 2458 prudentiam
3227 2379 3374 2430 tum
3418 2357 3583 2429 dili·

764 2515 1070 2613 gentiam
1124 2507 1496 2592 adhibuit,
1554 2493 1636 2576 ιἰι
1694 2521 1852 2572 sane
1913 2497 2166 2593 dignus
2219 2491 2483 2575 fuerit,
2532 2490 2658 2578 ,qui
2700 2475 2806 2557 'ab
2860 2475 3169 2560 Ernesto
3212 2488 3284 2558 in
3340 2506 3580 2557 exem-

764 2642 967 2735 plum
1022 2637 1328 2729 primarii
1390 2653 1517 2704 suo
1574 2632 1649 2701 in
1710 2647 1971 2725 genere
2031 2624 2289 2695 Critici
2352 2634 2892 2714 proponeretur.
2996 2614 3186 2711 (Cf.
3263 2615 3581 2707 inprimis

765 2763 1218 2862 opuseulum
1260 2759 1348 2833 de
1399 2758 1712 2856 Origene
1766 2756 1810 2847 S
1853 2743 2410 2844 XII—XXI).

859 2892 980 2969 De
1038 2889 1363 2989 Luciano
1428 2888 1747 2980 Mai-tyre
1810 2901 1990 2974 quae
2044 2877 2459 2965 Holmesius
2504 2827 2824 2968 disputat
2890 2867 3081 2945 Sect.
3112 2845 3295 2945 Vm
3334 2865 3408 2967 et
3441 2868 3576 2955 IX,

761 3044 1003 3130 eorum
1084 3038 1343 3131 summa
1409 3014 1550 3087 huc
1626 3008 1833 3082 redit.
1952 3004 2200 3121 Quum
2264 2994 2657 3095 Origenes
2682 2976 3026 3091 Tetrapla
3099 2982 3426 3069 edidisset
3496 2994 3587 3068 ad

757 3172 925 3244 usus
994 3118 1560 3225 Christianorum
1625 3140 1989 3224 privatos,
2043 3149 2251 3212 suam
2322 3112 2685 3195 Lucianu's
2745 3122 3150 3193 Editionem
3206 3116 3592 3217 destinavit

762 3267 1060 3347 lectioni
1114 3265 1186 3330 in
1242 3255 1718 3365 concionibus
1773 3248 2137 3341 publicae.
2237 3243 2542 3315 Luciani
2609 3234 2897 3315 Editio
2915 3232 3081 3313 item
3139 3264 3394 3314 nomen
3461 3270 3599 3319 ac.-

767 3397 962 3493 cepit
1025 3392 1145 3481 τῆς
1200 3385 1478 3476 Καινῆς,
1549 3396 1631 3473 ut
1716 3376 1804 3450 ab
1881 3360 2265 3468 Hexaplari
2345 3366 2911 3468 distingueretur.
3010 3324 3575 3465 Fundamentum

768 3521 1125 3601 Editionis
1185 3533 1347 3588 suae
1413 3511 1658 3606 posuit
1732 3503 2131 3578 columnam
2212 3502 2553 3573 versionis
2628 3496 3137 3571 Alexandrinae
3210 3494 3603 3597 Tetrapla-‘

767 3676 939 3731 rem.
1039 3643 1243 3722 Hane
1301 3658 1533 3712 autem
1577 3635 1664 3706 ad
1725 3629 2081 3707 Hebraica
2134 3627 2651 3714 conformavit,
2702 3626 2829 3744 iis,
2874 3618 3056 3714 quae
3108 3624 3465 3739 deerant,
3486 3653 3576 3702 ex

770 3774 1274 3869 Theodotione
1351 3759 1792 3856 suppletis,
1821 3780 1997 3850 quae
2065 3774 2513 3852 supererant,
2586 3748 2815 3857 plane
2864 3732 3169 3847 ‘ejectis'
3266 3752 3583 3855 Hexapla

770 3920 1126 3996 nunquam
1181 3892 1407 3979 vidit,
1486 3890 1802 3981 quippe
1814 3884 1936 3957 diu
1975 3862 2159 3979 post
2214 3885 2488 3993 obitum
2557 3879 2889 3991 Origenis
2948 3874 3183 3985 ε’ἀίιιιι
3224 3897 3308 3983 'et
3353 3883 3408 3952 si
3446 3880 3580 3973 vi·

776 4016 1034 4119 disset,
1106 4038 1687 4119 supervacaneam
1755 3998 2052 4139 operam
2111 4011 2296 4084 haud
2359 4010 2825 4113 suscepisset.
2898 3992 3121 4079 Idem
3175 4028 3442 4095 tamen,
3503 4012 3575 4081 in

3094 4094 3123 4139 ἱ.

773 4162 965 4243 tanta
1015 4154 1348 4251 Origenis
1395 4147 1774 4265 huJusque
1808 4145 2126 4237 laborum
2191 4124 2599 4213 celebritate
2640 4096 2993 4267 Ῑιὶιιιιαιεζ
2994 4154 3074 4203 ut
3126 4157 3357 4263 saepe
3390 4118 3595 4211 miil-

774 4306 1098 4381 tumque
1119 4284 1206 4357 de
1253 4277 1602 4364 institutis
1652 4270 1992 4363 Hexaplis
2042 4266 2250 4339 fando
2269 4232 2707 4393 audiverit&
2751 4283 3075 4389 necesse·
3094 4284 3225 4336 est.
3342 4346 3355 4353 ,

878 4406 996 4482 De
1041 4404 1481 4503 Hesychianfi
1559 4406 1630 4471 in
1685 4386 2070 4491 AEgypto.
2110 4358 2451 4469 Editione
2474 4412 2733 4515 quum
2792 4345 3265 4520 paucissima
3281 4338 3597 4465 Veteres

783 4538 1181 4629 Scriptores
1213 4527 1664 4615 tradiderint,
1709 4504 2083 4600 Ἡοίιιιοεὶο
2131 4521 2393 4617 (Sect.
2436 4476 2601 4615 X)
2617 4521 2689 4591 in
2726 4474 3029 4627 mentem
3067 4496 3304 4605 venit,
3320 4515 3603 4649 hujus*

909 4696 922 4735 r
1551 4662 1567 4671 ⁴
2340 4618 2801 4717 P'““’
2862 4629 2955 4669 ‘⁴
2980 4596 3569 4707 ''¹'‘”'‘caus‘-
