4625 5804
2385 480 2418 572 (
2520 484 2564 556 8
2672 484 2703 575 )

1121 684 1332 754 cisse.
1463 676 1582 749 De
1661 668 2014 749 Holmesii
2090 688 2305 767 opere
2372 670 2596 745 fusius
2667 675 2980 763 narravi,
3071 676 3334 771 quippe
3403 692 3479 748 et
3560 672 3913 777 plerisque

1124 806 1357 876 adhuc
1440 822 1681 897 parum
1780 804 2074 897 cognito
2102 847 2129 889 ,
2215 820 2285 872 et
2363 800 2679 893 subjecto
2756 801 3065 895 reliquae
3139 801 3620 897 Disputationi
3710 829 3917 906 argu-

1121 946 1385 1001 mento.
1488 927 1999 1020 Compluribus
2068 928 2271 1000 libris
2344 928 2695 1018 postrema
2756 930 2982 1002 ae‘tate
3046 933 3116 1002 in
3183 931 3531 1004 Britannia
3592 955 3672 1004 ac
3732 931 3914 1005 Ger·

1128 1055 1356 1124 mania
1409 1053 1663 1141 editis,
1732 1055 2045 1145 mihique
2109 1055 2197 1127 ad
2254 1055 2430 1127 hanc
2490 1076 2799 1148 partem,
2870 1077 2951 1128 ut
3013 1059 3414 1151 sperabam,
3485 1053 3685 1128 valde
3744 1077 3920 1148 pro-

1124 1177 1425 1268 futuris,
1498 1202 1729 1255 carere
1807 1182 2069 1269 debui,
2146 1180 2423 1253 sublato
2486 1204 2525 1252 a
2591 1182 2864 1255 Galliae
2945 1188 3248 1274 tyrannis
3323 1185 3512 1253 omni
3586 1183 3919 1255 humanu

1120 1326 1274 1376 rum
1343 1310 1657 1402 gentium
1738 1312 2191 1413 commercio.
2318 1307 2559 1399 Itaque
2628 1313 2929 1403 scripsi,
2999 1308 3197 1400 quod
3270 1311 3496 1399 potui.
3615 1303 3695 1376 In
3769 1305 3912 1380 hoc

1121 1428 1415 1524 Capite,
1462 1454 1540 1505 et
1604 1437 1677 1507 in
1734 1438 2052 1508 universa
2114 1431 2620 1526 Disputatione
2678 1433 2977 1525 plurima
3027 1433 3238 1531 longe
3290 1436 3553 1507 rectius
3613 1453 3694 1503 ac
3758 1431 3960 1524 ple»

1112 1559 1273 1631 nius
1330 1562 1499 1650 poni
1567 1566 1930 1650 potuisse,
2004 1564 2157 1653 ipse
2206 1563 2515 1633 omnium
2585 1563 2878 1630 maxime
2935 1560 3149 1622 video
3198 1579 3271 1620 et
3334 1573 3669 1644 agnosco,
3771 1553 3913 1625 Sed

1109 1684 1252 1755 hoc
1321 1686 1795 1770 imputandum
1874 1699 1979 1741 est
2057 1680 2428 1747 cumanis
2483 1675 2741 1739 caussis
2795 1672 3047 1757 positis
3099 1672 3174 1741 in
3230 1671 3636 1743 conditione
3681 1696 3910 1749 rerum

1113 1817 1463 1879 mearum,
1547 1815 1696 1866 tum
1765 1792 2117 1864 facultatis
2178 1810 2370 1860 meae
2420 1788 2927 1876 mediocritati,
2993 1794 3114 1866 'cui
3169 1791 3345 1864 illud
3397 1798 3710 1886 inprimis
3774 1803 3911 1873 ob·

1112 1919 1519 1993 servandum
1602 1938 1707 1989 est
1783 1913 2253 2014 Quinctiliani
2336 1933 2835 2008 praeceptum,
2916 1938 3006 1987 ne
3075 1917 3293 1992 multa
3324 1972 3351 2008 ‚
3422 1921 3543 1992 sed
3602 1923 3903 2007 multum

1114 2048 1449 2144 legamus.
1571 2046 1808 2136 Atque
1859 2042 2043 2115 idem
2096 2041 2274 2114 illud
2333 2020 2418 2112 in'
2462 2040 2832 2112 scribendo
2880 2043 3051 2113 mihi
3107 2064 3296 2114 certe
3355 2049 3902 2134 observandum.

1010 2165 1018 2173 ’
1117 2194 1209 2244 ne
1265 2171 1528 2263 multa,
1599 2171 1723 2246 sed
1776 2170 2073 2246 multum
2135 2167 2550 2255 scriberem,
2624 2186 2892 2259 semper
2943 2170 3355 2243 existimavi.

2126 2605 2619 2762 CA'P·
2841 2672 2888 2754 1

1566 2899 2277 2981 PARS
2521 2859 3451 2984 PR'JO'R.

2046 3114 2437 3200 Historia
2481 3120 2498 3138 ⁸
2542 3113 2949 3224 Antiqua.

1462 3406 1535 3500 5.
1587 3426 1659 3499 4.
1714 3401 1877 3481 ..De
1940 3400 2200 3500 prima
2261 3400 2572 3495 ipsorum
2625 3399 3114 3492 Interpretum
3172 3393 3557 3486 Editione'3

2025 3526 2232 3602 Sacc.
2291 3538 2461 3592 ante
2515 3518 2691 3591 Chr.
2741 3520 2859 3589 111.

1109 3672 1483 3909 Quum
1523 3781 1611 3852 ad
1651 3795 2050 3850 accuratum
2094 3773 2178 3846 de
2221 3747 2525 3865 antiquis
2567 3773 2768 3845 libris
2803 3772 3144 3866 judicium
3190 3772 3539 3841 serendum
3591 3775 3889 3848 multum

1113 3903 1431 3986 conferat
1488 3924 1746 3979 certam
1799 3904 2117 3976 notitiam
2178 3900 2538 3975 hominum
2565 3949 2590 3987 ,
2639 3899 3005 3979 locorum,
3061 3914 3499 3985 temporum,
3569 3899 3887 3974 aliarum.

1055 4027 1059 4031 ’
1114 4059 1247 4129 que
1319 4003 1571 4110 rerum*
1612 4052 1772 4124 cum
1833 4029 1999 4102 libri
2059 4030 2439 4121 scriptione
2497 4025 3073 4118 conjunctarum,
3149 4025 3436 4097 omnino
3499 4023 3881 4103 Historiam

1114 4165 1363 4254 primae
1429 4158 1785 4233 Editionis
1842 4153 2239 4229 eorumdem
2315 4156 2652 4242 librorum
2730 4150 2910 4220 bene
2980 4169 3259 4234 tenere,
3328 4149 3649 4243 idemque
3721 4159 3883 4229 satis

1108 4302 1385 4361 constet
1462 4286 1547 4354 ad
1622 4281 1929 4358 indolem
1988 4280 2381 4356 -Versionis
2467 4276 2779 4351 Graecae
2874 4274 3420 4369 perspiciendam
3505 4278 3883 4386 plurimum·

1105 4413 1392 4500 valere;
1463 4408 1797 4483 credibile
1879 4403 1984 4479 e‘st
2010 4455 2036 4495 ,
2106 4407 2300 4497 fore,
2373 4424 2454 4479 ut
2531 4402 2927 4500 hujusmodi
2997 4405 3399 4480 notitiarum
3471 4401 3878 4481 desiderium
3935 4433 3938 4442 ·

3787 4550 3887 4599 a·
