4625 5804
2302 591 2362 691 '(
2381 584 2392 669 ἶ
2458 594 2552 672 16
2640 589 2697 694 5

1094 791 1455 895 ἔξηγαηαῆν
1519 808 1660 865 cet.
1771 789 1863 867 ‘H
1926 785 1995 868 δ’
2033 784 2158 880 {im
2216 794 2530 891 ἑρμηνεία
2584 790 2722 871 τῶν
2782 787 2903 872 διὰ
2956 794 3082 871 τοῦ
3143 791 3384 896 Νόμου
3442 792 3719 877 πάντων
3788 800 3916 880 zor}

1101 930 1226 999 τοῦ
1276 916 1932 1020 ηοσαγορευθέντος
1971 916 2416 1018 Φιλαδέλφου
2478 916 2850 1019 fiac-caelo(
2880 940 3021 997 cet.
3140 923 3222 998 In
3280 928 3368 997 iis
3428 925 3466 1014 ἡ
3513 919 3586 1000 δ’
3622 923 3747 1013 ὅλη
3805 926 3912 1022 ἑρ-

1105 1076 1263 1147 μην.
1332 1053 1460 1124 τῶν
1521 1042 1587 1125 ὃ.
1652 1034 1725 1124 τ’.
1776 1057 1859 1129 N.
1927 1076 2011 1124 π.
2085 1046 2558 1143 mpplendum
2640 1069 2883 1123 monet
2953 1046 3443 1141 &erer
3515 1052 3654 1146 (Ρ.
3695 1048 3785 1122 61
3815 1050 3914 1144 >z

1105 1175 1207 1255 τὶι
1249 1171 1369 1255 διὰ
1409 1183 1530 1250 τοῦ
1568 1175 1814 1273 Νόμου
1868 1173 2265 1275 significare
2318 1176 2416 1253 rba
2472 1174 2543 1254 ἐν
2593 1176 2699 1273 τῷ
2756 1177 2976 1276 Νόμῳ
3028 1179 3239 1273 paulo
3287 1182 3543 1252 rariore
3602 1197 3908 1271 praepo·-

1104 1304 1379 1375 sitionis
1455 1324 1586 1375 usu
1655 1300 1792 1398 (p.
1846 1306 1946 1380 62
1969 1302 2054 1403 )=
2133 1301 2388 1378 Latine
2429 1302 2698 1377 -reddit
2718 1326 2743 1375 ι
2818 1355 2874 1395 ,,
2918 1302 3098 1379 Tota
3166 1326 3331 1380 vero
3396 1301 3914 1396 interpretatio

1104 1431 1412 1504 omnium
1449 1431 1797 1508 librorum
1839 1435 1917 1505 in
1959 1429 2197 1531 Lege,
2254 1433 2457 1520 (sive
2501 1428 2776 1530 Legum
2818 1431 3207 1506 divinarum
3253 1431 3604 1504 Pandecte
3633 1433 3707 1519 ),
3757 1431 3912 1504 ela-

1102 1555 1370 1629 borota
1384 1553 1546 1651 fuit
1581 1575 1927 1654 regnante
1967 1556 2528 1655 Philadelpho-’⁹
2574 1596 2680 1641 -,-
2728 1606 2787 1646 ‚,
2829 1556 3230 1631 Commoda
3262 1556 3479 1629 fuerit
3519 1554 3730 1646 (pag.
3774 1555 3923 1646 62)

1101 1681 1223 1755 issa
1263 1703 1466 1755 vetus
1520 1702 1654 1754 nec
1704 1704 1794 1752 ne
1819 1724 1847 1764 ,ς
1899 1705 2045 1751 non
2109 1684 2354 1749 definit
2411 1681 2914 1747 Aristobulus·
2895 1724 2920 1758 ,
2971 1695 3206 1763 neque
3265 1677 3440 1747 hanc
3485 1675 3608 1745 illa
3660 1676 3911 1748 scribit

1105 1809 1469 1875 meliorem
1511 1821 1703 1871 esse.
1755 1819 1847 1871 ne
1887 1796 2180 1871 verbum
2226 1792 2508 1890 quidem
2563 1790 2644 1871 ea
2683 1796 2772 1868 de
2815 1818 2928 1870 re:
2984 1798 3105 1871 sed
3147 1817 3379 1893 partes
3428 1799 3714 1892 aliquot
3746 1799 3940 1877 olim.

1113 1950 1385 2002 versas·
1443 1945 1657 2001 totam
1698 1945 1875 1999 vero
1913 1929 2307 2003 versionem
2343 1930 2596 2024 integri
2649 1925 3031 2001 voluminis
3081 1925 3282 2001 Sacri
3339 1925 3594 2001 factam
3630 1927 3938 2021 demum3

1107 2059 1241 2133 sub
1301 2053 1843 2148 Philadelpho?
1893 2094 1996 2114 -
2061 2053 2315 2150 „Ipsa
2378 2075 2715 2129 monstrat
2772 2058 3186 2150 oppositiO,
3259 2055 3376 2132 τὶν
3427 2052 3711 2148 Νόμου,
3778 2038 3929 2127 Le·

1096 2205 1310 2282 gem,
1366 2184 1486 2257 hic
1532 2183 2010 2277 accipiendam
2066 2184 2407 2258 latissimo
2456 2204 2688 2257 sensu.
2787 2181 3085 2255 Mecum
3142 2184 3352 2253 sentit
3400 2180 3487 2252 Is.
3541 2179 3916 2253 vossius.”

1016 2348 1029 2355 ·
1108 2308 1442 2398 Denique
1498 2310 1946 2399 reprehendit
2008 2312 2372 2398 Hodium,
2425 2317 2547 2400 qui
2607 2333 2680 2403 p.
2733 2312 2871 2385 168
2928 2313 3029 2381 sic
3072 2312 3482 2399 exposuerit
3507 2326 3546 2373 t
3600 2354 3654 2391 ,‚
3699 2310 3923 2377 exsti-

1106 2439 1265 2507 tisse
1327 2436 1717 2525 antiquitus
1752 2434 1855 2493 -'·
1890 2435 2233 2508 Graecam
2280 2433 2647 2525 quamdam
2698 2433 3092 2504 versionem
3149 2429 3417 2526 Legis;
3491 2429 3682 2501 illam
3740 2452 3938 2507 vero,

1108 2563 1232 2632 snb
1288 2558 1758 2647 Philadelpho
1814 2559 2213 2627 confectam
2286 2536 2502 2625 totam
2585 2554 2799 2624 fuisse
2856 2573 3110 2623 novam
3160 2556 3564 2644 majoreque
3619 2576 3789 2629 cura
3847 2572 3930 2630 et'

1102 2683 1336 2755 studio
1389 2677 1889 2751 elaboratam?
2009 2728 2064 2765 „
2110 2675 2314 2748 Nihil
2382 2677 2632 2748 horum
2686 2673 2852 2770 (sic
2918 2678 3155 2769 pergit
3207 2675 3456 2746 Valck·.
3483 2676 3527 2766 )
3599 2681 3670 2749 in
3721 2681 3919 2753 Aris·

1107 2806 1457 2881 tobuleis.
1532 2826 1619 2876 ne
1663 2804 2032 2877 verbulum
2081 2802 2414 2896 quidem,
2462 2804 2598 2876 nisi
2656 2816 2923 2877 totam
2938 2803 3012 2874 in
3062 2801 3229 2891 ὅλη,
3259 2804 3448 2875 etsi
3468 2800 3587 2942 diu
3639 2810 3930 2899 quaesi-'

1110 2953 1256 3005 tum
1311 2934 1621 3010 invenire
1672 2935 1904 3022 potui.
1912 2932 1958 2962 ”
2063 2930 2189 3001 Cf.
2247 2933 2436 3004 item
2470 2951 2546 3022 p.
2561 2925 2684 3020 -36
2705 2926 2942 3021 64.

1213 3054 1295 3129 In
1340 3053 1565 3130 altero
1612 3073 2024 3154 argumento
2066 3053 2356 3129 multam
2396 3060 2563 3129 item
2609 3074 2890 3149 operam
2932 3058 3176 3151 posuit
3216 3055 3542 3150 lindius,
3585 3059 3826 3160 (Lib.¹
3823 3063 3924 3141 Π·

1107 3207 1273 3279 cap.
1315 3184 1407 3272 8,
1457 3205 1555 3278 9,
1617 3185 1826 3278 ιο),
1893 3203 1976 3256 ιιι
2022 3206 2111 3256 ex
2172 3186 2344 3278 ipsa
2384 3187 2780 3268 versionum
2851 3187 2927 3257 in
3002 3183 3292 3259 diversis
3354 3188 3558 3263 libris
3619 3190 3924 3266 diversi.-

1112 3334 1298 3402 tate,
1364 3332 1454 3383 ex
1507 3311 1749 3382 iisdem
1809 3313 2253 3400 nominibus,
2324 3315 2604 3398 verbiS,
2677 3329 2889 3401 atque
2964 3309 3430 3383 dictionibus
3477 3313 3623 3386 alio
3699 3335 3913 3407 atque

1109 3442 1254 3512 alio
1318 3420 1535 3507 modo
1614 3434 1946 3526 redditis,
2031 3460 2120 3510 ex
2199 3441 2538 3513 citatione
2615 3435 2981 3517 Philonis,
3045 3457 3132 3504 ex
3197 3439 3416 3505 -unius
3482 3437 3913 3532 alteriusque

1111 3562 1278 3636 libri
1339 3563 1904 3655 subscriptione,
1970 3587 2059 3637 ex
2133 3566 2291 3638 aliis
2361 3568 2529 3630 item
2594 3557 2982 3627 rationibus
3064 3578 3215 3629 eam
3277 3564 3685 3635 sententiam
3740 3587 3915 3638 con·

1108 3691 1503 3776 stabiliret,
1579 3689 1713 3760 alia
1774 3707 2000 3758 aetate
2061 3688 2152 3755 ab
2203 3683 2361 3754 aliis
2421 3682 2922 3773 interpretibus
2979 3703 3121 3756 non
3173 3685 3392 3757 modo
3454 3686 3766 3763 diversos
3823 3692 3916 3763 li-

1071 3792 1316 3904 „bl-os,
1402 3816 1521 3886 sed
1600 3809 1908 3903 ejusdem
1987 3826 2273 3897 quoque
2354 3807 2518 3882 libri
2596 3809 2908 3880 subinde·
2952 3808 3258 3883 diversas
3332 3829 3568 3899 partes
3642 3811 3916 3886 Graece

1108 3966 1257 4017 esse
1319 3938 1643 4014 redditas.
1765 3933 1911 4007 Uni
1980 3935 2336 4008 vocabulo
2381 3935 2628 4032 ymo-bc
2673 3939 3027 4028 integrum
3091 3933 3354 4003 tribuit·
3403 3931 3641 4026 Caput
3691 3936 3914 4012 Octa·
4043 3921 4044 3926 ¹
4121 3915 4140 3928 '⁶

1109 4092 1318 4156 vum,
1354 4086 1498 4157 ut,
1552 4086 1768 4156 quum
1820 4043 1958 4136 hoc
2022 4064 2302 4135 nonnisi
2360 4080 2524 4153 post
2569 4058 2968 4131 Gallorum
3019 4060 3094 4130 in
3137 4057 3506 4133 Graeciam
3547 4080 3619 4133 et
3666 4064 3911 4139 Asiam

1111 4177 1533 4284 irruptiones
1620 4195 1690 4263 in
1779 4188 2123 4264 Graecam
2203 4189 2513 4283 linguam
2597 4202 2961 4276 receptum
3009 4191 3183 4257 'csse
3265 4187 3678 4278 probasset,
3748 4189 3913 4264 libri

1108 4321 1366 4418 josuae
1418 4322 1853 4422 versionem.
1878 4336 2043 4408 post
2103 4319 2496 4394 versionem
2562 4308 3023 4384 pentateuchi
3087 4309 3390 4384 factam
3416 4327 3564 4388 esse
3636 4339 3908 4396 consta·

1022 4455 1027 4462 ·
1108 4465 1247 4526 ret.
1293 4473 1397 4508 ,-
1446 4414 1566 4516 Ad
1608 4443 1777 4516 haec
1842 4457 2070 4515 autem
2128 4442 2483 4518 Valcken.
2534 4442 2779 4532 paucis
2840 4426 3105 4515 tantum
3154 4441 3536 4534 respondit‘-
3575 4465 3653 4538 Ρ.
3690 4445 3816 4524 62
3836 4465 3913 4517 et

3692 4570 3914 4662 6.3,
